4460 5520
1105 419 1108 436 t
1198 409 1336 442 Rffim

633 601 651 647 e
674 577 831 648 subiculo
853 577 1015 664 oriunda,
1044 577 1124 647 hinc
1147 577 1269 675 areolis
1289 579 1487 663 interposita
1509 591 1543 647 et
1562 580 1606 648 ab
1624 581 1697 648 istis
1718 601 1837 666 pressa
1856 583 1985 668 sepius

631 685 799 754 difformia
821 685 934 769 facta,
964 686 1072 754 rarius
1100 706 1204 769 supra
1229 705 1286 752 eas
1312 687 1515 766 eminentia,
1541 683 1659 769 plana,
1692 690 1845 772 margine
1867 693 1982 774 tenui,

632 781 801 860 interdum
820 793 880 859 vix
903 793 1101 876 conspicuo.
1143 791 1255 860 Extus
1276 803 1351 859 atra
1368 803 1467 874 sunt,
1492 790 1619 876 absque
1639 795 1760 876 pruina
1779 795 1833 864 vel
1851 797 1983 881 nitore,

629 899 720 966 iutus
741 897 839 980 alba,
861 910 967 966 strato
990 899 1202 966 carbonacco
1224 909 1384 982 receptat
1411 897 1531 982 quibus
1557 896 1682 973 ultimis
1708 903 1797 970 notis
1825 923 1846 969 a
1869 905 1984 972 cousi-

629 1005 763 1074 milibus
784 1005 962 1088 speciebus
981 1008 1108 1072 Leu‘deu
1129 1007 1321 1088 conferooide
1340 1025 1372 1070 u.
1383 1007 1566 1093 furconem
1582 1015 1616 1072 ct
1634 1027 1654 1074 a
1672 1011 1802 1076 &urea
1817 1012 1981 1076 obscurata

629 1109 731 1178 facile
753 1109 999 1192 distinguenda.

337 1295 512 1356 obswuea.
546 1287 747 1360 LECIDEA
769 1287 889 1357 areolis
911 1287 1038 1370 badfis3
1058 1285 1243 1372 apotheciis
1261 1309 1305 1355 ex
1324 1285 1496 1370 oriundis,
1515 1287 1615 1371 atris,
1640 1287 1728 1360 intus
1744 1287 1848 1374 albis,
1871 1303 1985 1360 strato

631 1397 843 1464 corbunaceo
865 1397 1021 1478 receptis.
1061 1392 1156 1462 Lich.
1178 1415 1224 1462 ex
1244 1395 1291 1461 n.⁰
1313 1401 1382 1461 180.

547 1506 670 1570 Lecidca
687 1519 799 1586 petrea
818 1534 847 1575 γ.
863 1505 1034 1566 obscurato.
1056 1499 1167 1568 Acts?
1197 1504 1285 1566 Unio.
1305 1525 1336 1585 p.
1360 1499 1435 1570 156.-

544 1613 671 1674 Lect'deu
691 1611 780 1694 lygeu
800 1631 823 1673 c.
845 1610 1017 1672 obscurato.
1040 1605 1150 1673 Acts?
1172 1611 1244 1692 Syn.
1262 1631 1297 1690 p.
1318 1607 1369 1674 st.

545 1717 672 1779 Lecidea
693 1717 862 1779 obscurato.
885 1711 1044 1780 Scutunl
1066 1718 1099 1778 iu
1124 1717 1234 1777 Nutur.
1257 1719 1335 1777 Ans.
1359 1718 1437 1792 Aug.
1462 1719 1551 1780 1818.
1568 1737 1604 1799 p.
1626 1719 1655 1786 9‘.
1677 1713 1725 1779 u.⁰
1746 1717 1793 1781 10.

546 1823 625 1886 Hui.
648 1818 692 1886 ad
712 1840 798 1886 saxa
825 1818 1011 1899 granitica,
1037 1819 1191 1885 micacea‘
1211 1829 1246 1885 et
1270 1815 1674 1900 argillaceo-schistosa,
1701 1819 1735 1885 in
1756 1815 1920 1901 Alpibus,
1944 1820 1982 1886 irs

626 1924 766 1992 montib.
793 1927 936 2002 Gn'msel,
960 1927 1001 1987 St.
1025 1927 1196 2002 Bernlrurd,
1225 1925 1346 2004 Sutect,
1369 1925 1535 1991 miserunt
1558 1923 1767 1992 exsomnis
1797 1930 1915 2005 Vogesir
1936 1921 1981 1991 cl.

627 2029 826 2112 Moucsor,
850 2051 894 2096 en
917 2033 1036 2094 Sudetis
1058 2026 1099 2095 cl.
1123 2051 1154 2095 v.
1176 2026 1357 2097 Fnorrow.

545 2139 644 2203 Descr.
669 2139 814 2202 Thallus:
836 2134 1029 2204 subiculum
1045 2145 1176 2218 atrum,
1196 2147 1315 2218 tenue,
1337 2135 1504 2216 effusum3
1526 2132 1647 2202 areolae
1667 2146 1804 2217 tenues,
1826 2119 1976 2218 planius-

629 2239 735 2323 culae,
761 2263 850 2325 saepe
876 2241 910 2308 i'n
941 2253 1090 2310 crustam
1119 2241 1317 2310 rimul‘osam
1344 2253 1536 2323 congestam
1563 2238 1693 2323 badiae,
1722 2239 1897 2310 dilutiorcs
1922 2219 1985 2308 vel

628 2348 866 2430 obscuriores,
891 2347 1026 2416 tandem
1047 2345 1246 2430 fuliginosas.
1288 2351 1456 2430 Apothecia
1478 2344 1597 2414 medias
1621 2347 1860 2428 magnitudinis
1879 2367 1977 2415 areo-

624 2453 734 2522 larum
762 2453 951 2540 superficiei
977 2453 1141 2534 insident,
1171 2453 1267 2521 disco
1291 2451 1391 2548 piano
1414 2473 1503 2535 supe
1526 2472 1605 2520 cum
1629 2453 1797 2536 umbone,
1823 2454 1977 2536 margine

622 2561 835 2646 prominente
860 2582 998 2643 crasso,
1022 2557 1119 2630 color
1141 2571 1232 2641 ater,
1255 2558 1289 2627 in
1305 2559 1497 2638 junioribus
1521 2557 1602 2625 dum
1625 2555 1864 2627 humectantur·
1884 2573 1977 2628 atro·

623 2665 740 2750 rufus,
765 2653 828 2737 sub
850 2666 947 2736 disco
971 2666 1046 2736 alba
1067 2678 1167 2746 sunt,
1191 2677 1364 2750 stratoque
1388 2665 1601 2733 carbonaceo
1621 2675 1781 2748 recepta,
1808 2663 1976 2736 adultiora

621 2775 712 2842 intus
738 2785 808 2842 tota
832 2777 1061 2842 atro-cinerea·
1087 2784 1257 2856 apparent.
1299 2771 1408 2838 Juxta
1434 2768 1613 2855 apothecis
1637 2769 1806 2838 interdum
1831 2771 1973 2856 pustulae

623 2879 777 2964 quandam
807 2879 947 2958 adsunt,
977 2877 1234 2964 apotheciorum
1255 2874 1484 2959 magnitudine
1509 2889 1542 2944 et
1567 2873 1737 2958 majores,
1763 2876 1974 2960 graurdosae,

623 2985 819 3068 atro-rufae,
843 2984 1022 3068 solitarias,
1045 2983 1099 3054 vel
1122 2983 1207 3053 adeo
1233 2983 1443 3068 trequentes,
1467 2994 1506 3054 ut
1528 2969 1686 3051 crustam¹
1702 2983 1976 3066 diffracto-areo·
2037 3005 2045 3014 ·

623 3089 726 3160 latam
748 3089 906 3162 similent.

547 3406 551 3417 ·
623 3377 694 3460 dis,
719 3380 914 3458 atro-ruiis,
936 3379 1072 3447 tandem
1095 3384 1196 3461 atris,
1218 3378 1281 3447 suli
1304 3377 1429 3446 lamina
1450 3375 1544 3444 albis.

540 3489 669 3552 Lecideu
688 3491 820 3569 peltana.
842 3488 932 3554 Aen.
962 3491 1050 3552 Unio.
1067 3509 1101 3569 p.
1126 3491 1193 3554 158.
1217 3485 1399 3570 (probante
1422 3481 1463 3550 cl.
1485 3480 1610 3561 Fusus)
1632 3481 1791 3552 Seniani
1813 3489 1846 3549 in
1863 3488 1974 3550 Natu.

620 3599 697 3658 Ans.
718 3600 797 3674 Aug.
820 3599 908 3659 1818.
926 3615 961 3676 p.
985 3599 1033 3657 10.
1056 3589 1172 3658 nitu

541 3701 663 3764 &eldea
684 3705 779 3783 lyges.
801 3701 829 3762 b.
845 3701 983 3782 pettdna.
1005 3699 1096 3766 Acu-
1121 3701 1193 3781 Syn.
1209 3691 1247 3780 p.
1267 3695 1316 3763 34.

538 3809 619 3871 Hub.
639 3803 683 3870 ad
704 3825 789 3871 saxa
810 3804 975 3886 granitica
995 3801 1156 3886 Alpium,
1178 3803 1213 3869 in
1235 3799 1373 3869 montib.
1401 3805 1528 3869 Grtmscl
1547 3813 1581 3868 et
1604 3805 1722 3868 Susten.

537 3908 985 3980 perornatus-subiectum
995 3907 1345 3989 atrum,effusum,ob
1357 3907 1552 3974 tenuitatem
1562 3908 1717 3990 saepcvix
1726 3908 1970 3990 conspicuum

619 4015 740 4084 areola
767 4014 1082 4096 tuberculilormes,
1105 4033 1253 4097 sparsa,
1274 4009 1328 4078 vel
1348 4013 1382 4080 in
1408 4023 1560 4080 crustam
1580 4011 1969 4080 verrucoso-areolatam

618 4135 811 4204 congestae,
836 4123 979 4189 cinereae
1004 4121 1125 4188 velex
1149 4122 1284 4188 cinereo
1308 4116 1611 4188 umbrino-fusca.
1654 4124 1820 4200 Apcetrecr'a
1850 4117 1968 4192 mediae

579 4237 583 4249 ’
617 4225 859 4310 magnitudinis
878 4249 897 4296 e
916 4224 1073 4296 subiculo
1094 4225 1238 4295 oriunda
1260 4222 1410 4306 areolas,
1433 4224 1553 4306 quibus
1573 4223 1771 4306 interposita
1792 4234 1892 4306 sunt,
1913 4221 1968 4291 vel

617 4347 752 4416 aequant
779 4331 833 4400 vel
860 4347 1042 4416 superant,
1066 4332 1204 4413 juniora
1231 4351 1385 4400 concava
1410 4341 1491 4398 sunt
1514 4340 1548 4397 et
1571 4328 1669 4412 rufa,
1699 4332 1850 4411 margine
1872 4325 1968 4411 palli-

617 4436 735 4520 diore·,
753 4437 922 4506 adultiora
938 4439 1057 4522 plana,
1081 4438 1269 4521 atro-rufa,
1288 4437 1439 4518 margine
1456 4441 1668 4521 prominente
1683 4456 1773 4519 saepc
1788 4435 1968 4516 flexuosos

615 4540 754 4611 tandem
783 4565 940 4611 convexa
964 4545 1057 4613 liunt'
1072 4557 1107 4614 et
1131 4555 1223 4626 atra,
1248 4543 1311 4612 sub
1337 4541 1463 4612 lamina
1487 4539 1564 4610 alba
1585 4551 1693 4624 sunt„
1712 4552 1818 4608 strato
1846 4539 1967 4610 carbo-

615 4669 726 4718 naceo
748 4647 841 4718 nullo
863 4661 1010 4734 recepta.

322 4855 480 4930 maora.
535 4843 736 4920 LECIDEA
755 4843 876 4918 areolis
893 4847 1032 4930 griseis,
1054 4845 1352 4930 ruso-variegatus
1373 4843 1560 4930 apotheciis
1577 4863 1597 4912 e
1616 4801 1773 4915 subibulo
1787 4841 1965 4924 oriundis,

618 4963 718 5024 extus
739 4953 898 5036 intusque
918 4955 1164 5052 atro-meis.

53 4954 59 4962 ’
158 5038 237 5184 r

2207 2203 2208 2246 l

2207 2523 2208 2554 t

2207 2575 2208 2618 l

2207 2969 2208 3016 t

459 3319 466 3337 .
540 3269 740 3342 LECIDEA
760 3269 882 3340 areolis
905 3293 924 3340 c
948 3275 1084 3341 cinereo
1101 3271 1403 3354 ombrios-fuscis,
1428 3269 1617 3354 apotheciis
1639 3287 1658 3336 s
1677 3267 1839 3338 subiculo·
1858 3271 1974 3340 oriuu·
