4510 5516
612 613 766 662 verruca
790 606 943 661 acrusta
963 593 1120 664 formatae
1142 597 1238 678 apice
1260 609 1453 679 excavatae,
1478 617 1537 666 ore
1552 598 1699 682 exiguo,
1721 597 1826 668 limbo
1843 617 1979 678 crass03

621 699 697 769 haec
720 711 771 768 est
798 704 972 767 Urceoluria
993 705 1151 769 diamarta
1180 705 1284 786 Acus
1312 689 1408 786 dein,
1439 725 1518 772 oum
1547 703 1748 774 adolescunt
1776 705 1977 790 apothecis,

621 808 736 876 discus
759 817 832 874 ater
855 805 1017 875 dilatatur
1037 820 1071 876 et
1092 808 1315 892 explanatur,
1346 832 1466 892 margo
1491 814 1649 896 proprius
1670 812 1862 892 formatur,
1891 809 1979 879 thal·
2003 865 2009 874 .

618 913 751 983 loideus
783 914 911 982 sensim
938 915 1131 998 evanescit3
1164 913 1239 984 hacc
1267 914 1661 999 apotheciorumrorma
1681 921 1839 984 Lccideom
1865 919 1978 983 Oederi.

617 1022 710 1091 Acir.
734 1022 793 1090 tibi
816 1022 936 1102 offert3
965 1018 1069 1103 vulgo
1090 1019 1175 1088 adeo
1197 1023 1321 1106 stipata
1342 1035 1422 1091 suut
1444 1023 1641 1109 apothecis,
1670 1035 1708 1092 ut
1730 1020 1873 1092 alterum
1895 1020 1979 1091 alte-

618 1151 696 1196 rum
718 1140 872 1212 premat,
894 1125 985 1194 unde
1007 1125 1178 1197 difformis
1199 1150 1290 1214 saepe
1313 1142 1485 1214 apparent.
1712 1143 1716 1152 “

425 1241 427 1247 ’
540 1241 606 1304 Obs.
637 1234 694 1303 Ad
716 1257 793 1303 mea
813 1235 1003 1318 specimina
1024 1236 1129 1302 missa
1151 1234 1194 1303 ad
1218 1234 1260 1303 ol.
1293 1225 1387 1304 Otor
1416 1237 1568 1305 Swrurz
1590 1237 1652 1306 sub
1681 1236 1818 1305 nomine
1838 1239 1977 1303 Litteris

619 1346 726 1410 oederi
746 1346 836 1424 Engl.
863 1348 931 1409 Bor.
954 1354 988 1410 et
1009 1333 1241 1411 ab'Acmmo
1264 1345 1440 1427 inspecta,
1470 1341 1671 1428 responsum
1694 1343 1835 1426 accepi:
1857 1341 1977 1424 genui·

614 1471 694 1516 nam
717 1470 791 1517 esse
817 1451 970 1516 studeam
998 1451 1121 1527 orderi,
1150 1472 1224 1533 quac
1252 1471 1343 1518 nunc
1371 1455 1517 1537 Gyoiecm
1542 1455 1647 1516 Oederi
1667 1451 1756 1520 Aca.
1780 1470 1882 1517 mscr.
1927 1447 1977 1516 De

620 1557 862 1640 speciminibus
893 1576 974 1623 vero
1009 1554 1086 1623 dein
1118 1556 1182 1639 ipsi
1209 1558 1375 1624 Acunum
1407 1557 1519 1625 missis
1542 1556 1712 1636 judicavit
1731 1553 1787 1634 2‘„
1804 1559 1978 1622 Urceolariae

617 1667 800 1744 „diametra
825 1684 896 1731 suac
918 1664 1078 1746 propiora
1100 1682 1193 1746 esse,
1224 1685 1324 1747 quam
1349 1667 1478 1732 Lecideae
1505 1667 1607 1730 oedert
1633 1663 1724 1731 Aca.
1747 1674 1781 1730 et
1803 1663 1897 1746 quasi
1924 1661 1978 1729 in·

616 1766 827 1849 „termedia,
857 1789 965 1853 neque
994 1791 1097 1836 arnam
1125 1791 1234 1854 neque
1257 1769 1396 1838 alteram
1417 1783 1511 1838 recte
1534 1769 1765 1852 exprimentia.
1777 1772 1792 1808 “
1838 1769 1978 1837 Monuit

559 1931 562 1936 .
618 1897 753 1959 quoque
783 1875 993 1959 Acusruus,
1029 1877 1218 1962 specimina
1244 1898 1264 1945 a
1295 1875 1337 1944 cl.
1371 1877 1549 1948 Turrano
1580 1876 1643 1944 sub
1673 1875 1810 1942 nornine
1836 1879 1977 1942 Limenis

624 1985 729 2048 Oederi
751 1991 892 2064 accepta
913 1993 947 2048 et
966 2003 1064 2050 suam
1095 1985 1252 2051 Letideom
1278 1987 1382 2051 Oederi
1408 1995 1440 2051 et
1462 2003 1539 2050 mea
1558 1981 1745 2066 specimina
1766 1979 1974 2064 assimilarc3

617 2091 738 2172 quaerit
769 2087 937 2156 tandem:
970 2110 1038 2170 „an
1069 2090 1181 2175 itaque
1221 2093 1579 2164 Urceoiurialdiomarra
1608 2101 1646 2156 ut
1675 2087 1786 2155 forma
1815 2090 1974 2156 aberrans

617 2198 749 2261 Lecideae
782 2199 886 2261 oedcri
914 2194 1114 2265 censenda?
1157 2195 1534 2281 specimen-anglicum
1563 2218 1582 2265 a
1614 2194 1656 2264 cl.
1687 2193 1862 2266 Boaauao
1891 2195 1975 2264 mihi

618 2301 762 2368 missum
785 2300 932 2370 formam
954 2301 1155 2371 adultiorem
1176 2308 1305 2373 Lecidrae
1327 2304 1496 2390 exprimit
1920 2295 1924 2304 ’

324 2477 969 2564 srmueozens.URCEo[AR1A1aevis‚
991 2483 1175 2571 rimulosa,
1200 2488 1541 2567 roseo-rubescens3
1571 2482 1667 2552 diseo
1690 2503 1863 2568 concavo,
1887 2494 1972 2552 atro.

615 2587 711 2657 Lich.
735 2612 806 2658 exs.
830 2591 881 2658 n.⁰
903 2593 972 2660 124.

541 2700 714 2765 Urceoinrio
733 2703 919 2766 suaveolens.
942 2698 1043 2768 Acir!
1064 2701 1099 2768 in
1121 2697 1184 2768 litt.

533 2807 616 2870 Hab.
640 2802 683 2870 ad
705 2824 790 2871 saxa
811 2807 978 2886 granitica
1000 2828 1088 2890 aqua
1109 2805 1225 2875 rorida
1245 2807 1280 2874 in
1302 2819 1418 2874 monte
1446 2807 1574 2871 Grimsei
1593 2825 1699 2888 supra
1720 2803 1915 2887 hospitium.

533 2914 635 2978 Descr.
659 2913 786 2976 Thallus
801 2923 1021 2994 mustaceus,
1043 2925 1229 2994 tartareus,
1254 2913 1452 2981 tenuissime
1472 2907 1808 2990 rimoso-areolatus,
1824 2911 1973 2991 effusus,

614 3013 739 3101 pallide
768 3038 812 3084 ex
844 3039 943 3086 roseo
975 3020 1335 3099 cinereo-rubescens3
1370 3039 1490 3086 recens
1518 3015 1636 3085 Jolithi
1666 3015 1806 3084 odorem
1832 3017 1972 3100 spargit.

615 3127 787 3208 Apothecia
815 3124 964 3206 minuta,
994 3125 1145 3212 solitaria
1173 3138 1231 3194 aut
1253 3124 1351 3210 plura
1372 3138 1493 3194 crustae
1517 3121 1637 3191 areolis
1661 3125 1839 3209 immersa3
1866 3141 1973 3206 murga

616 3235 766 3298 tirciiodes
789 3253 945 3314 crassus3
971 3240 1118 3319 proprius
1144 3255 1246 3318 supra
1274 3229 1369 3300 iilum
1394 3222 1619 3318 prominens.
1640 3227 1698 3298 sed
1726 3251 1805 3298 raro
1835 3232 1973 3316 conspi-

614 3358 723 3418 cuus,
746 3341 845 3405 discus
866 3351 959 3420 ater,
985 3359 1179 3421 concavus,
1203 3337 1339 3406 tandem
1362 3337 1491 3425 planus.

537 3447 604 3512 Obs.
638 3450 786 3530 Gyuiectae
808 3449 906 3511 odora
929 3443 1028 3513 vaide
1049 3445 1178 3515 simiiis.
1221 3447 1345 3515 Crusta
1373 3443 1511 3520 eadem,
1540 3441 1644 3512 modo
1673 3443 1784 3512 minus
1812 3439 1972 3524 sordida,

613 3551 703 3620 idem
728 3550 986 3636 apotheciornm
1008 3555 1117 3634 situs,
1148 3550 1265 3621 eadem
1293 3551 1504 3635 magnitudo.
1549 3551 1670 3620 Differt
1690 3550 1786 3618 disco
1809 3563 1907 3632 atro,
1939 3561 1973 3618 et

613 3658 776 3740 marginis
805 3660 981 3744 utriusque
1012 3662 1200 3743 praesentia.
1251 3657 1306 3727 Ad
1337 3660 1509 3744 specimen
1537 3660 1680 3727 missum
1711 3655 1754 3724 cl.
1784 3658 1971 3726 Acrrfflus

613 3765 835 3834 observavit:
868 3785 914 3844 „a
940 3771 1086 3852 Gpulecm
1106 3773 1204 3834 odora
1226 3765 1386 3835 distincta
1409 3767 1540 3849 species
1565 3777 1601 3832 ut
1628 3762 1746 3833 saitem
1774 3762 1856 3830 mihi
1880 3761 1973 3830 vide-

611 3913 627 3948 „
638 3881 701 3937 tur.
739 3869 794 3939 Ad
817 3871 947 3940 formas
970 3872 1134 3957 quasdam
1165 3877 1336 3940 Urceolariae
1358 3877 1484 3940 Actoris·
1505 3873 1538 3940 in
1561 3869 1647 3939 locis
1670 3871 1792 3952 apricis
1815 3889 1973 3937 crescen-

612 3990 689 4056 „tes
719 3975 929 4062 aliquantum
959 3979 1114 4063 accedit,
1144 3992 1255 4048 tamen
1286 3980 1327 4048 ab
1359 3977 1425 4046 hac
1453 3977 1567 4064 specie
1597 3979 1699 4046 etiam
1728 3977 1810 4044 satis
1839 3975 1973 4045 diversa

610 4127 626 4164 „
636 4081 794 4168 adparet,
819 4106 921 4170 quam
944 4099 982 4156 ut
1003 4109 1129 4156 novam
1150 4107 1343 4172 proponere
1364 4106 1419 4153 me
1443 4083 1628 4168 obligatum
1652 4085 1806 4153 censui.“

318 4269 452 4326 cinerea.
526 4263 827 4336 URchtaltla
849 4262 966 4349 lavis,
988 4263 1306 4347 rimoso-areolam,
1330 4266 1465 4332 cinerea
1487 4263 1541 4332 vel
1562 4262 1661 4345 alba,
1683 4262 1780 4331 disco
1803 4274 1891 4331 atro.

525 4375 635 4439 Litlrea
656 4381 797 4440 cinereus.
829 4373 929 4440 Lmu.
952 4375 1057 4440 Mum.
1078 4397 1110 4458 p.
1133 4377 1203 4439 132.
1226 4371 1366 4440 Horam.
1391 4375 1499 4436 Erum.
1521 4393 1552 4453 p.
1573 4377 1624 4437 22.
1648 4385 1674 4437 t.
1692 4370 1723 4438 4.
1735 4371 1769 4452 f.
1787 4375 1817 4435 3.
1839 4367 1971 4449 (forma

607 4475 828 4562 polygonis).
862 4480 953 4546 Aca.
981 4484 1087 4546 Prodr.
1109 4502 1146 4564 p.
1167 4485 1219 4545 32.
1252 4475 1366 4546 Saura
1392 4481 1481 4560 Engi.
1504 4481 1574 4544 Bor.
1599 4493 1624 4544 t.
1649 4479 1741 4548 1751.
1771 4473 1972 4544 wmarus.

610 4589 748 4670 cappos.
765 4607 803 4670 p.
827 4585 899 4653 412.

525 4693 639 4760 Limen
664 4695 899 4777 inseparabilis,
928 4683 1128 4771 reticuimus,
1157 4698 1310 4769 cinerem,
1337 4693 1469 4758 scutellis
1492 4693 1587 4770 nigris
1615 4691 1834 4756 minutissimis.
1863 4685 1971 4756 Huc.

605 4801 677 4866 hist.
702 4803 762 4866 111.
780 4821 817 4884 p.
839 4807 889 4874 99.
919 4801 966 4866 m·
985 4803 1078 4872 2059.

530 4907 710 4970 verrucaria
736 4909 880 4976 vanata.
909 4905 1048 4976 Horam.
1076 4907 1124 4973 ΡΙ.
1147 4905 1214 4972 licis.
1239 4919 1261 4970 r.
1285 4899 1388 4984 20.f.
1412 4909 1442 4970 2.
1470 4899 1646 4988 (optima).
1677 4903 1831 4970 Deutsciri
1855 4903 1904 4970 Fi·
1930 4905 1971 4966 11.

600 5031 636 5096 p.
660 5016 730 5079 181.
