4510 5516
523 319 550 370 ¹1
985 333 989 340 ’
1222 329 1324 357 ······
1348 375 1351 380 .

528 463 632 566 vitae
651 462 745 564 suae
762 454 959 563 momerita
975 455 1092 564 subit
1117 486 1196 565 Has
1212 467 1470 578 mutationes,
1483 465 1564 568 sive
1580 487 1706 567 forma
1722 489 1804 568 sive
1822 491 1957 570 colore

516 634 754 718 expressas,
778 633 826 686 ex
852 626 1010 717 recepto
1030 635 1105 694 usu
1106 613 1267 716 jbrmus
1283 613 1525 701 vocavimus,
1551 613 1755 719 literisque
1768 617 1811 694 A.
1829 617 1869 694 B.
1883 632 1957 694 etc.

531 733 841 840 insiguirimtu.”

603 985 622 1022 2
639 937 790 1014 Verum
820 933 907 1010 illas
927 934 1135 1041 concipere
1155 942 1303 1037 speciei,
1326 944 1525 1016 varietatis
1545 955 1584 1012 et
1591 941 1810 1042 formarum
1828 939 1958 1014 notio-

531 1082 623 1149 nes,
647 1056 802 1135 facilius
823 1081 922 1148 esse,
948 1083 1069 1162 quam
1085 1057 1191 1135 hisce
1209 1083 1255 1133 ea
1276 1055 1488 1164 adaptare,
1522 1085 1624 1165 quae
1654 1061 1697 1137 in
1723 1085 1858 1138 rerum
1885 1088 1959 1138 na-

531 1199 622 1258 tura
647 1179 762 1258 nobis
784 1193 1020 1274 occurrunt,
1043 1181 1213 1292 quisque
1242 1191 1495 1290 compertum
1513 1180 1678 1272 habeat,
1702 1208 1855 1262 necesse
1880 1201 1958 1276 est,
2035 1199 2051 1222 ⁴

531 1304 605 1409 qui
632 1301 836 1380 lichenum
868 1302 1000 1380 studio
1030 1302 1260 1408 diligentius
1284 1303 1479 1380 incubuit.
1522 1304 1740 1384 Licbenum
1764 1308 1870 1384 enim
1895 1308 1957 1384 iu-

530 1443 777 1506 cremeutum
802 1424 953 1502 tardius
970 1425 1153 1534 procedit
1170 1453 1291 1531 quarn
1312 1425 1355 1502 in
1372 1427 1509 1503 ceteris
1530 1425 1663 1505 forsan
1684 1429 1868 1506 omnibus
1892 1455 1957 1506 ve-

530 1547 783 1659 getabilibus3
801 1574 942 1625 eorum
969 1548 1144 1638 cultura,
1169 1563 1365 1653 quantum
1391 1549 1503 1639 scio,
1538 1551 1688 1632 nemini
1714 1550 1794 1628 huc
1829 1577 1956 1658 usque

529 1671 745 1780 processit,
755 1695 828 1748 nec
838 1669 945 1770 mibi
963 1673 1119 1782 saepius
1132 1697 1224 1750 eam
1243 1669 1503 1780 periclitanti
1519 1673 1723 1752 Accedunt
1739 1676 1957 1782 simplicior

529 1779 932 1902 harum'plautarum
955 1812 1173 1888 structura,
1211 1812 1391 1873 constans
1414 1820 1530 1901 saepe
1554 1797 1597 1875 iu
1629 1795 1764 1904 aliqua
1795 1799 1956 1906 regione

473 1941 480 1950 ·
529 1909 813 2026 perfectiorum
830 1944 1070 2023 organorum
1102 1919 1145 1996 in
1173 1917 1412 2024 quibusdam
1440 1921 1643 2024 speciebus
1666 1919 1865 2020 absentia3
1890 1921 1957 1998 de·

531 2039 666 2121 ficiens
686 2037 859 2150 denique
877 2044 1096 2120 formarum
1115 2040 1310 2120 certitudo
1327 2059 1367 2120 et
1380 2043 1616 2132 constantia,
1639 2044 1849 2150 peculiaris
1866 2046 1956 2122 sim·

529 2160 833 2273 plicissimarum
857 2193 991 2244 rerum
1023 2165 1185 2244 indoles.
1237 2162 1355 2244 Certa
1379 2166 1501 2273 igitur
1521 2166 1758 2275 specierum,
1792 2166 1957 2242 varieta-

532 2307 618 2396 tum
641 2305 681 2364 et
705 2287 925 2366 formarum
958 2287 1160 2395 dispositio
1191 2315 1274 2367 non
1303 2289 1379 2368 nisi
1406 2289 1696 2368 accuratissimo
1726 2306 1765 2367 et
1791 2289 1956 2396 diligen·

532 2411 678 2489 tissimo
692 2407 838 2491 barum
853 2411 1083 2519 plantarum
1099 2410 1231 2509 studio
1250 2413 1470 2519 superstrui
1486 2429 1634 2519 potest,
1651 2440 1735 2490 non
1757 2414 1956 2492 sufficiunt

531 2556 659 2640 pauca
678 2535 896 2641 specimina
920 2535 1017 2612 hinc
1042 2529 1104 2612 rel
1129 2533 1241 2611 illinc
1267 2537 1441 2644 recepta,
1461 2531 1522 2611 rel
1540 2535 1695 2640 singula
1724 2533 1888 2640 siugulis
1913 2537 1956 2620 in

530 2658 626 2734 locis
643 2658 841 2764 variisque
857 2658 953 2734 anui
968 2657 1261 2764 tempestatibus
1275 2657 1448 2748 collecta,
1486 2651 1562 2734 nisi
1580 2655 1805 2765 periculum
1823 2656 1957 2735 subire

529 2779 714 2871 relimtm,
739 2779 932 2887 pectdiari
943 2779 1138 2890 cujusque
1154 2780 1380 2886 speciminis
1397 2777 1540 2858 habitu
1555 2780 1599 2856 in
1612 2804 1787 2859 errorem
1800 2779 1958 2876 induci,

531 2927 670 2983 rerum
689 2926 809 3006 quam
833 2901 1008 3010 plurima
1034 2901 1173 2987 eodem
1194 2904 1239 2980 in
1262 2902 1351 2982 loco
1373 2913 1485 2993 nata,
1510 2901 1764 3008 plurimaque
1780 2901 1857 2979 alia
1878 2903 1957 2980 alio

530 3024 618 3104 loco
642 3023 840 3115 oriunda,
865 3024 1027 3130 alioque
1053 3041 1230 3132 tempore
1250 3025 1350 3104 lecta
1371 3042 1411 3105 et
1427 3042 1610 3104 accurate
1633 3025 1737 3114 inter
1754 3049 1795 3101 se
1815 3024 1956 3102 collata

531 3173 632 3252 opus
648 3165 760 3239 sunt,
785 3146 837 3226 ad
853 3146 1074 3256 parandam
1096 3148 1173 3226 sibi
1202 3147 1425 3254 pleniorem
1445 3147 1650 3230 lichenum
1672 3147 1955 3254 cognitionem,

529 3295 698 3378 eamque
718 3271 990 3362 sufficientem,
1020 3287 1067 3350 ut
1083 3298 1106 3351 a
1124 3271 1227 3352 notis
1246 3269 1757 3376 accidentalibus,lsingulis
1776 3269 1958 3375 specimi-

530 3391 650 3470 nibus
662 3393 972 3501 propriis,veras
987 3392 1276 3501 distinguemus
1288 3395 1453 3500 speciei,
1470 3397 1668 3476 varietatis
1686 3411 1726 3474 et
1739 3395 1957 3472 formarum
2080 3469 2099 3494 ,

530 3532 652 3597 notas.
664 3528 682 3564 ¹³

603 3713 787 3800 acuatu
809 3729 1014 3821 receptum
1033 3731 1148 3797 usum
1165 3717 1335 3822 primun
1353 3719 1473 3796 uisu
1493 3716 1714 3823 specierum
1729 3714 1956 3790 varietatem

502 3899 508 3914 .
532 3857 612 3924 suo¹
635 3835 798 3917 nomine
818 3837 1024 3943 insignivi.
1051 3837 1191 3920 addito
1212 3837 1440 3924 ‚charactere
1466 3836 1684 3930 suendum
1709 3835 1839 3940 primo
1860 3833 1957 3936 (μὴ

531 3981 665 4035 omnes
688 3961 923 4038 varietatum
943 3977 1056 4041 notas
1090 3983 1113 4040 e
1143 3962 1364 4069 specierum
1389 3956 1645 4063 disgnosibus
1669 3955 1814 4035 exclusi
1826 3987 1838 4052 ς
1862 3953 1957 4034 dein

530 4081 723 4184 quoniam
737 4082 861 4162 altera
879 4085 1046 4162 varietas
1059 4083 1194 4190 priore
1208 4084 1361 4190 saepius
1374 4109 1456 4158 nou
1477 4079 1609 4156 minus
1624 4077 1831 4182 frequens,
1847 4077 1957 4156 deni·

530 4221 609 4305 que
624 4201 716 4282 cum
729 4203 865 4314 aliqua
882 4207 1049 4286 varietas
1065 4197 1175 4315 apud
1190 4193 1261 4291 uos
1274 4205 1422 4294 rarior,
1445 4201 1524 4286 sub·
1539 4199 1619 4281 alio
1635 4201 1743 4280 coelo
1763 4201 1958 4308 vulgatior

530 4347 609 4402 etse
626 4327 787 4433 possit*

603 4575 621 4608 α
636 4525 851 4632 &confina
868 4547 914 4602 ex
933 4515 1120 4632 temporis
1146 4525 1246 4604 serie
1271 4508 1412 4630 digessi
1437 4523 1490 4602 ad
1515 4505 1688 4609 nostram
1711 4515 1836 4624 usque
1855 4535 1957 4600 sete·

528 4643 609 4724 tem
627 4647 711 4722 acl.
722 4645 939 4724 Vsillantio
957 4645 1215 4744 descendeus3
1234 4645 1402 4754 probata
1422 4645 1522 4726 mihi
1543 4645 1593 4725 ab
1611 4646 1704 4753 ipsis
1719 4643 1957 4752 scriptorum

529 4769 783 4862 auctoribus,
807 4769 1090 4877 speciminibus
1107 4770 1188 4847 sive
1205 4766 1348 4860 missis,
1363 4771 1445 4848 sive
1459 4769 1648 4876 acceptis,
1665 4765 1802 4845 sivein
1818 4753 1958 4845 eorurit

529 4891 714 5006 bgrbario
733 4891 904 5006 collatis,
930 4893 977 4970 cl
993 4890 1249 4981 DeCandolle
1272 4891 1376 4972 duce
1398 4897 1440 4984 ³⁶)
1461 4893 1576 4998 siguo
1601 4891 1900 4976 exclamationis
1920 4887 1959 4988 (l)
