4502 5520
542 355 599 436 '58
1197 385 1348 420 ΝΜ

558 556 737 622 verrucosa
754 557 901 620 maximo.
923 547 1027 618 brot
1056 552 1103 617 Fi.
1113 555 1224 640 sonus.
1243 553 1286 620 11.
1304 575 1341 642 p.
1357 553 1431 624 ³16.
1454 551 1501 620 ta·
1519 555 1592 627 862.

546 749 578 810 a
626 735 785 802 tonum.
806 731 971 802 Verruois
991 732 1190 814 minoribus.

555 847 734 912 thtmritt
751 843 851 908 trition
870 841 1066 912 anomalia.
1092 836 1158 908 Fu!
1180 843 1272 906 Dent.
1292 844 1378 910 Lim.
1397 841 1444 906 ta⁰
1457 846 1511 910 10.

549 953 629 1018 Eub.
645 947 726 1016 Var.
744 977 772 1018 s.
785 945 829 1016 ad
847 947 1013 1016 eortioem
1030 949 1116 1028 Fuge
1135 957 1163 1020 a.
1179 943 1223 1016 ad
1243 950 1402 1034 corylum
1419 967 1628 1030 anonymam
1642 947 1735 1017 misit
1749 947 1981 1024 Sourmcunn.

547 1057 651 1124 ncsct.
675 1056 802 1122 Tbollus
823 1051 1376 1140 cartilagineo-membranaoeus,
1406 1075 1451 1124 ex
1478 1051 1591 1124 albido
1615 1052 1812 1140 olivaoeus,
1833 1057 1982 1142 nitidus,

630 1164 666 1232 in
687 1159 841 1230 maculas
863 1161 1013 1244 effusus,
1041 1183 1115 1244 quae
1145 1183 1281 1229 ornnem
1307 1160 1479 1234 interdum
1508 1161 1669 1234 arborum
1698 1177 1859 1234 truncum
1887 1168 1983 1250 quasi

631 1265 808 1354 cingulum
822 1265 1094 1352 amplectuntura
1108 1269 1237 1352 tenuis,
1252 1279 1415 1354 praterea
1428 1267 1611 1353 limitatus,
1627 1268 1791 1356 lineisque
1806 1257 1984 1340 obscurio-

629 1378 723 1447 ribus
744 1395 937 1461 peroursus.
959 1379 1128 1460 Apotbecio
1149 1374 1314 1458 originem
1335 1373 1467 1446 dueunt
1488 1379 1529 1448 ab
1546 1377 1680 1459 exiguis
1700 1375 1845 1448 maculis
1869 1389 1985 1447 crusta

628 1481 884 1572 pallidioribus,
907 1505 980 1567 quae
1002 1479 1106 1549 modo
1128 1484 1255 1564 exiguo
1275 1493 1405 1567 puncto
1428 1494 1502 1552 atro
1522 1495 1704 1563 notantur,
1727 1481 1803 1552 dein
1824 1485 1860 1552 in
1879 1505 1984 1551 omre·

629 1613 679 1661 ms
697 1589 873 1660 elevantur
892 1591 1076 1656 tbolloideos
1097 1589 1258 1671 oorrioas,
1280 1611 1300 1658 e
1321 1589 1443 1674 quibus
1465 1607 1592 1660 oomea
1611 1601 1647 1657 et
1667 1601 1741 1658 atra
1761 1593 1984 1672 protuberent

628 1702 818 1784 receptando
843 1691 1127 1780 hemispheriea,
1163 1696 1259 1780 apice
1289 1693 1509 1766 mammillata
1538 1693 1593 1767 vel
1621 1715 1707 1780 poro
1738 1708 1877 1779 notata,
1910 1697 1984 1766 basi

627 1803 806 1888 destituta
830 1803 922 1874 intus
939 1805 1176 1890 poreocbgmote
1198 1799 1275 1872 albo
1290 1801 1345 1872 vel
1366 1803 1598 1875 oinerasoente
1616 1801 1748 1887 repleta
1767 1813 1868 1886 sunt,
1889 1800 1983 1886 quod

626 1912 662 1980 in
683 1911 777 1979 sieoa
798 1921 834 1978 et
853 1907 966 1978 adulta
986 1906 1101 1994 planta
1122 1912 1303 1980 marcessit
1323 1921 1357 1980 ot
1377 1911 1557 1980 evanescit
1611 1914 1791 1984 trttutonun
1811 1920 1845 1976 et
1868 1915 1983 1976 oeneu-

627 2019 728 2084 torum
753 2015 1014 2102 desoriptionem
1036 2027 1070 2086 et
1089 2013 1384 2088 adumbrationem
1404 2013 1482 2086 vide
1502 2013 1594 2101 apud
1618 2019 1814 2090 betramum
1834 2021 1866 2082 in
1888 2017 1979 2082 Unio.

627 2143 659 2208 p.
677 2125 750 2196 279.
770 2139 794 2192 t.
813 2123 891 2206 tf.
911 2125 942 2196 l.

914 2449 1619 2564 ENDOCARPON.

859 2697 1042 2776 Harma
1063 2635 1174 2798 Stirp
1197 2715 1315 2804 crypt.
1336 2697 1391 2774 II.
1413 2727 1449 2801 p.
1472 2703 1531 2774 56.
1555 2715 1582 2775 t.
1602 2705 1662 2775 20.

965 2921 1242 2982 canutam
1281 2922 1564 2982 annuamus·
1605 2919 1608 2926 ⁴

543 3105 832 3209 Receptooulwn
858 3103 1174 3208 spbaeroideum,
1201 3105 1388 3212 simplex,
1417 3131 1439 3182 e
1464 3103 1679 3182 substantia
1705 3106 1869 3212 propria
1897 3106 1980 3183 for-

641 3227 1198 3319 matum-membranaceum,
1228 3229 1501 3326 uniloeulare3
1522 3232 1658 3308 ostiolo
1682 3229 1980 3336 protuberante.

642 3355 905 3456 Parenobymo
929 3350 1119 3441 solidum,
1141 3351 1402 3476 gelatinosum
1421 3351 1666 3450 (rubellum).

1153 3527 1360 3666 Hnnrrus.

628 3733 755 3796 Thullio
779 3725 946 3796 foliaoeus
970 3721 1024 3795 vel
1044 3725 1306 3813 squamulosus,
1328 3727 1515 3800 substantia
1535 3727 1711 3813 ooriaoea,
1734 3727 1975 3812 cartilaginea,

541 3831 597 3906 vel
618 3845 821 3916 orustaoea3
844 3829 963 3934 fertilis
984 3853 1087 3918 supra
1105 3845 1508 3922 punctam-verrucosus.
1549 3841 1719 3924 Apothetr'o
1740 3833 1844 3906 thallo
1866 3847 1977 3906 traus-

540 3941 667 4012 vetsim
688 3941 824 4024 mnata,
854 3951 988 4009 matura
1008 3937 1206 4026 plerumque
1226 3943 1262 4010 in
1284 3937 1412 4010 collum
1435 3953 1544 4027 supra·
1560 3939 1704 4012 thallum
1726 3941 1876 4012 eminens
1896 3959 1976 4028 pro·

540 4045 666 4130 ductu
687 4060 783 4118 seota
802 4043 1034 4133 parunohyma
1048 4045 1230 4118 ostendunt
1245 4045 1472 4131 gelatinosum
1494 4059 1528 4117 et
1547 4044 1736 4133 rubellum,
1756 4045 1975 4134 receptaculo

539 4153 718 4242 pallidiore
740 4155 916 4236 oinotum,
937 4155 1034 4237 quasi
1053 4152 1196 4223 nucleus
1216 4175 1306 4224 nuoe
1326 4153 1491 4225 inclusus.

545 4337 612 4402 obs.
654 4335 778 4404 Hanw.
802 4331 826 4402 l.
850 4353 879 4402 o
900 4331 1033 4414 generis
1057 4329 1292 4402 oharaoterem
1312 4333 1360 4402 ita
1381 4335 1588 4404 constituit:
1622 4339 1822 4416 „rodomus
1837 4333 1976 4421 [morifi-

625 4445 779 4520 „mtiom's
804 4445 887 4506 intra
912 4443 1117 4505 substantiam
1132 4443 1249 4524 plmuae
1272 4443 1377 4526 bosius.
1413 4445 1510 4511 meu
1534 4445 1791 4512 rotomorum
1812 4447 1975 4512 temnima

624 4549 795 4628 „clavom
814 4547 1058 4630 ιήκιιναερονιιι
1083 4541 1145 4614 has
1170 4543 1286 4614 thecas
1305 4543 1421 4617 videre
1443 4545 1526 4618 mibi
1544 4569 1614 4619 non
1639 4551 1794 4634 ooutigit.

548 4687 553 4694 ·
662 4655 846 4740 &metopo
871 4672 951 4722 oum
979 4654 1161 4720 Vmucmiis
1185 4651 1372 4734 junxit-'ot
1397 4655 1590 4728 semrom
1613 4658 1698 4744 Syst.
1728 4659 1854 4723 Smrrmb
1874 4669 1975 4741 crypt.

626 4763 713 4826 ceto.
735 4758 781 4827 ll.
802 4781 834 4846 p.
856 4760 919 4844 163
948 4757 1039 4829 idem
1066 4759 1196 4829 faciunt
1223 4757 1278 4830 cll.
1301 4763 1486 4848 soriptores
1513 4765 1772 4849 Luterogropbia
1790 4765 1977 4830 &morice

622 4865 777 4936 Tunrtnn
798 4879 833 4936 et
852 4867 1028 4950 bonum
1058 4864 1178 4936 suadet
1202 4887 1336 4956 qnoque
1358 4866 1401 4938 ol.
1420 4869 1568 4942 torm
1587 4871 1624 4942 in
1648 4873 1825 4940 sertorum
1844 4869 1979 4936 la'stmiae

620 4977 783 5046 [rithmum
807 4973 980 5058 Gfilllflgae
1003 4981 1105 5056 1⁸09,
1125 4997 1158 5060 P·
1181 4975 1235 5046 76.
