4460 5520
920 412 1066 452 mm
1509 385 1513 394 '
1666 386 1712 460 85
1759 459 1761 462 .

361 595 441 646 raro
460 569 759 644 convexiusculus.
789 571 918 656 Saepius
939 591 1074 656 quoque
1090 567 1188 654 plura
1205 567 1407 642 coalescunt
1423 570 1622 657 apothesim
1639 585 1713 642 tum

363 681 599 762 immargiuata
620 679 799 763 videntur,
824 681 896 748 sine
920 677 1038 747 ordine
1058 675 1206 763 plicata,
1228 680 1403 762 magisque
1427 699 1593 747 convexa.
1635 679 1713 748 Alia

360 787 548 855 maturiora
566 799 667 872 rupto
687 786 839 869 margine
859 788 895 854 in
915 782 1065 866 singulas
1085 781 1265 852 solvuntur
1284 780 1428 864 lirellas,
1450 785 1491 851 iis
1517 789 1713 870 opegrapba-

359 913 428 959 rum
457 891 655 962 simillimas.
702 889 781 962 Alia
813 889 958 974 denique
991 889 1105 976 elapso
1137 889 1233 958 disco
1267 891 1486 972 margineque
1512 892 1712 973 persistente

359 991 615 1081 receptaculum
635 996 829 1082 relinquunt
850 1017 1064 1078 concavum,
1091 994 1198 1064 fundo
1219 994 1341 1078 nigro,
1363 991 1537 1078 aquabili,
1560 999 1711 1079 margine

361 1100 563 1172 albescente.
1258 1123 1260 1128 ·

441 1203 593 1274 varietas
613 1217 641 1278 e
662 1207 1006 1294 rpodocbroc‘easdem
1026 1209 1061 1276 in
1081 1227 1208 1289 genere
1227 1208 1326 1275 offert
1348 1204 1442 1276 thalli
1460 1207 1609 1291 formas,
1630 1230 1710 1277 ean-

329 1389 334 1398 *
358 1307 436 1376 dem
462 1311 593 1395 paginae
615 1315 799 1398 superioris
819 1315 1033 1398 superficiem
1060 1313 1198 1399 pulvere
1223 1315 1420 1382 tenuissimo
1443 1313 1712 1384 albo-subcine-

358 1405 755 1499 rasceute‘adspcrsam‚
786 1418 924 1488 cosdem
950 1417 1074 1488 coloris
1098 1441 1144 1488 ex
1165 1418 1272 1488 diluto
1295 1421 1330 1488 in
1358 1418 1495 1488 luscum
1525 1421 1710 1503 transitus,

340 1520 505 1589 ·eundem
530 1521 793 1606 apotheciorum
815 1527 943 1608 situm,
968 1523 1177 1610 eandemque
1199 1537 1430 1608 structuram3
1455 1547 1594 1608 verum,
1623 1525 1710 1594 locis
1768 1571 1769 1576 κ

356 1631 546 1716 prementim
567 1631 690 1715 apricis
712 1632 831 1712 obvia,
862 1644 933 1699 tota
948 1629 1065 1714 planta
1087 1631 1211 1700 aridior
1232 1629 1409 1700 anomaliis
1431 1634 1540 1714 magis
1559 1633 1710 1700 obnoxia

291 1711 308 1736 ⁰
358 1746 420 1804 est.
463 1734 618 1817 Rigidior
640 1737 745 1820 igitur
768 1735 891 1806 thallus
915 1735 1047 1805 facilius
1073 1739 1221 1822 rumpit,
1243 1735 1323 1820 pili,
1348 1750 1469 1807 natura
1492 1759 1554 1808 sua
1574 1737 1710 1807 mollio-

356 1861 432 1922 res,
457 1841 604 1923 cadunt,
622 1845 848 1927 paginamque
863 1843 1060 1910 inferiorem
1078 1841 1225 1910 reddunt
1242 1841 1435 1912 scabridam
1455 1855 1489 1910 et
1508 1842 1600 1914 velut
1620 1845 1710 1913 cica-

358 1949 530 2015 tricosam.
572 1947 771 2017 Fomnandis
791 1947 976 2034 apotheciis
992 1949 1204 2032 necessarius
1224 1947 1328 2031 vulgo
1345 1946 1441 2016 deest
1458 1951 1546 2018 aeris
1567 1950 1710 2034 humor,

357 2064 392 2120 et
416 2055 518 2120 totius
545 2051 667 2138 plantae
693 2055 941 2124 incrementum
968 2054 1095 2125 tardius
1120 2057 1323 2138 graviusque
1352 2054 1517 2146 procedit.
1560 2057 1650 2126 Hinc
1675 2058 1710 2126 in

357 2159 553 2232 uuiversum
583 2154 675 2227 thalli
703 2157 837 2230 habitus
866 2164 973 2244 magis
1003 2161 1158 2244 crispus,
1191 2158 1248 2242 pili
1278 2160 1448 2229 breviores
1480 2173 1514 2229 et
1540 2165 1709 2247 rariores,

358 2263 537 2350 apothecis
557 2267 679 2349 saepius
699 2267 955 2350 immas-giem,
977 2265 1205 2349 irregulariter
1227 2263 1351 2349 plicata
1369 2278 1402 2334 et
1421 2263 1614 2354 difformis,
1635 2291 1710 2338 om·

354 2369 453 2438 nibus
486 2367 628 2455 denique
656 2371 758 2453 hrrjus
788 2375 958 2441 varietatis
990 2372 1111 2441 formis
1139 2392 1329 2439 commune
1347 2384 1424 2454 est,
1454 2376 1647 2444 aterrimam
1676 2390 1710 2447 et

352 2475 507 2544 adustam
536 2479 631 2561 quasi
662 2478 788 2547 habere
815 2479 1010 2547 inferiorem
1039 2475 1133 2547 thalli
1160 2479 1333 2561 paginam.
1384 2479 1439 2547 Ab
1471 2483 1627 2550 omnibus
1655 2486 1709 2552 sui

266 2617 270 2624 ·
355 2584 488 2664 generis
513 2583 689 2666 speciebus
722 2586 805 2649 Umb.
830 2586 956 2648 hirsuta
978 2580 1221 2665 distinguitur:
1250 2581 1509 2668 apotlieciorum
1532 2586 1707 2668 juniorum

355 2690 423 2756 situ
445 2687 552 2756 thallo
572 2689 757 2772 impresso,
781 2709 898 2757 crasso
924 2709 1044 2756 eorum
1065 2690 1238 2784 margine,
1262 2687 1497 2772 molliuscula,
1524 2691 1605 2761 dum
1625 2695 1707 2763 vivit

354 2795 490 2880 planta,
510 2795 709 2882 superficie,
731 2793 961 2880 pilorumque,
976 2795 1004 2863 si
1017 2796 1161 2880 primam
1176 2797 1307 2880 excipis
1321 2795 1488 2879 formam,
1504 2803 1703 2870 constantia.

278 2981 345 3046 Obr.
374 2987 404 3045 1.
447 2977 605 3046 Formam
625 2979 769 3064 primam
787 2989 959 3061 nostram,
979 2980 1051 3046 sive
1068 2982 1226 3046 Licbenem
1239 2985 1370 3060 griseum
1387 2995 1418 3045 ct
1438 2987 1591 3048 murinum
1611 2982 1703 3048 Acri.

357 3083 401 3152 ad
423 3095 575 3152 nostram
600 3086 749 3169 speciem
771 3086 936 3169 pertinere
957 3087 1143 3168 specimina
1167 3087 1348 3168 evincunt,
1369 3106 1514 3172 quorum
1535 3085 1704 3172 papillulac

354 3191 389 3258 in
414 3190 538 3274 pagina
559 3192 718 3258 inferiore
738 3189 908 3259 interdum
928 3192 963 3260 in
987 3189 1074 3276 pilos
1097 3188 1353 3274 producuntur,
1377 3190 1494 3276 quales
1511 3193 1584 3272 jam
1607 3192 1706 3261 enhi-

353 3296 411 3365 bei
428 3298 506 3365 icon
528 3298 617 3366 bona
638 3298 672 3366 in
694 3301 779 3378 Επεὶ.
801 3303 869 3364 Boc.
891 3303 912 3364 1.
932 3320 956 3366 s.
977 3322 1003 3364 c.
1024 3309 1059 3364 ct
1075 3309 1192 3366 nostra
1213 3295 1235 3365 l.
1256 3318 1286 3365 c.
1307 3309 1330 3366 t.
1352 3307 1401 3366 10.
1421 3297 1446 3366 f.
1466 3307 1494 3366 1.
1537 3301 1706 3368 Praeterea

356 3403 497 3471 minime
515 3426 593 3472 raro
614 3401 741 3472 eaedem
758 3399 926 3487 papillulre
944 3416 1131 3470 occurrunt
1147 3405 1180 3470 in
1198 3403 1474 3473 formianus.
1491 3393 1661 3474 varietatis
1679 3438 1706 3474 a,

352 3509 462 3576 Porro
492 3509 609 3578 eadem
634 3513 665 3579 ei
690 3522 741 3579 est
764 3510 894 3594 paginae
916 3509 1100 3593 superioris
1121 3521 1243 3577 natura
1272 3511 1530 3593 subfarinacea,
1557 3510 1649 3578 idem
1669 3513 1705 3578 in

352 3617 449 3684 sicco
477 3627 512 3682 et
538 3616 572 3682 in
596 3614 737 3683 humido
764 3627 854 3683 statu
881 3613 999 3696 color,
1024 3615 1209 3700 eademque
1235 3615 1493 3700 apotheciorum
1519 3627 1704 3685 structura.

354 3721 531 3790 Postremo
548 3719 709 3801 juvenilis
728 3722 792 3789 iste
811 3731 919 3788 status
940 3721 1112 3788 rarissime
1129 3721 1326 3790 fructiferas
1345 3733 1523 3808 utramque
1544 3722 1706 3808 ampleci-

354 3837 412 3906 tur
442 3828 663 3907 varietatem,
696 3830 844 3893 hirsutum
875 3837 910 3893 et
935 3831 1175 3909 mammeam,-
1212 3825 1379 3896 helvetica
1412 3832 1598 3914 specimina
1629 3851 1706 3898 mea

352 3931 473 4000 subtus
497 3929 705 4000 ochrcleuca
731 3943 765 3999 et
786 3929 986 4012 rufulusca,
1012 3931 1193 4000 nassovica
1215 3931 1296 4002 vcro
1323 3947 1357 4002 et
1377 3934 1501 4018 gallica
1522 3935 1704 4004 ruiofusca

354 4047 390 4102 et
409 4038 566 4104 aterrima
586 4052 676 4106 sunt.

270 4174 298 4232 2.
345 4167 450 4230 Liclun
472 4168 667 4248 veilnformir
691 4167 868 4237 Brennum
889 4167 1012 4252 procul
1035 4168 1137 4238 dnbio
1165 4183 1316 4240 nostram
1346 4172 1505 4256 exprimit
1531 4171 1701 4256 plantam,
1731 4167 1734 4174 ’

353 4267 419 4337 lide
439 4271 574 4351 optimae
593 4271 827 4358 descriptionis
850 4285 884 4341 et
905 4277 1087 4357 synonymi
1107 4277 1336 4347 Hreuanrnnr.

271 4401 302 4467 3.
351 4403 560 4488 Gyroplrorcm
592 4407 790 4469 crustulosum
823 4424 903 4472 oum
931 4407 1092 4474 varietate
1121 4410 1259 4492 depressa
1287 4409 1376 4476 Aon-
1411 4409 1452 4477 ab
1486 4406 1554 4474 hae
1588 4409 1702 4492 specie

353 4527 447 4591 aeque
481 4507 591 4574 minus
622 4506 771 4590 separari
800 4530 925 4592 posse,
960 4532 1006 4578 ex
1043 4508 1240 4580 charactere
1270 4513 1311 4582 ab
1343 4514 1417 4597 ipso
1448 4526 1589 4581 auctore
1620 4511 1701 4582 dato

353 4656 369 4690 „
380 4618 544 4698 apothecis
557 4620 589 4680 in
604 4617 736 4680 tirellum
749 4616 894 4699 depressis
901 4619 917 4655 “
935 4613 1095 4685 concludi
1110 4617 1199 4686 licet.
1229 4617 1406 4701 Specimen
1422 4619 1699 4689 aScncrrcnrno

350 4715 412 4784 sub
439 4721 576 4787 nomine
608 4724 789 4807 Gyropdora
814 4727 982 4787 crustulosae
1006 4743 1078 4790 var.
1100 4727 1239 4808 depressa
1262 4721 1344 4790 mihi
1366 4724 1507 4792 missum
1529 4725 1700 4794 varietatis

351 4829 470 4890 hirsute
492 4825 637 4896 formam
664 4829 784 4912 offert,
806 4829 926 4900 subtus
946 4849 1068 4914 parum
1089 4827 1276 4910 hirsutam,
1298 4848 1402 4915 supra
1421 4828 1598 4900 limacibus
1622 4851 1700 4900 cor-

351 4940 496 5014 ruptam.

1207 5071 1245 5134 ts
