4502 5520
730 1139 1021 1286 orasis
1057 1096 1315 1284 uarro.

317 1531 402 1680 Aa
428 1597 561 1674 amicis
578 1597 771 1686 monitus,
797 1596 902 1675 utin
922 1620 1037 1673 usum
1052 1593 1261 1702 publicum
1283 1590 1440 1667 ederem
1453 1613 1553 1698 qnos
1571 1613 1618 1667 ex
1634 1591 1735 1668 mul·

317 1719 363 1795 tis
378 1717 585 1796 itineribus
602 1717 796 1796 botanicis
813 1735 852 1794 et
869 1744 917 1794 ex
933 1718 1166 1821 commercio
1185 1715 1360 1791 literario
1386 1741 1477 1790 cum
1492 1714 1587 1790 viris
1611 1713 1737 1792 nostri
1852 1801 1855 1810 ,

313 1844 399 1917 aevi
416 1841 547 1920 studio
564 1841 782 1920 Licheuum
797 1841 1016 1920 clarissimis
1032 1841 1291 1946 percepissem
1305 1837 1476 1928 fructus,
1487 1836 1736 1944 obtempero,

316 1963 489 2068 tibique,
530 1963 720 2041 benevole
748 1963 891 2055 lector,
923 1963 1004 2040 duo
1031 1960 1153 2038 offero
1185 1961 1395 2068 opuscula,
1425 1958 1596 2037 alterum
1621 1959 1736 2038 alteri

316 2085 554 2162 inserviens:
579 2089 781 2165 Lichenum
800 2093 1094 2176 exsiccatorum,
1118 2110 1217 2190 quos
1243 2085 1286 2160 in
1305 2083 1407 2160 alma
1425 2083 1556 2189 patria
1573 2083 1737 2188 collegi,

300 2205 512 2310 'fasciculos
528 2223 585 2300 et,
603 2207 712 2312 quod
732 2235 797 2284 eos
815 2207 1000 2299 illustret,
1012 2207 1211 2286 maenum
1223 2207 1483 2286 helvetieorum
1500 2207 1741 2312 spicilegium,

313 2355 488 2432 quorum
520 2329 690 2408 alterum
714 2357 827 2441 spero
853 2331 1050 2409 tironibus
1077 2331 1203 2417 utile,
1230 2329 1399 2406 alterum
1427 2329 1521 2404 artis
1545 2331 1738 2433 magistris

315 2449 424 2529 haud
450 2453 650 2563 ingratum
673 2453 767 2532 fore.
816 2453 878 2536 De
912 2457 1044 2560 priore
1082 2453 1184 2532 nihil
1217 2451 1362 2546 habeo,
1399 2449 1510 2564 quod
1536 2476 1736 2544 moneam,

313 2595 439 2678 pauca
458 2573 508 2652 de
526 2578 753 2682 posteriore.
992 2581 999 2594 “

344 2811 348 2816 ·
410 2772 643 2877 Spioilegirsm
677 2797 793 2864 voco,
827 2771 1018 2879 quom'm
1059 2799 1141 2852 uon
1178 2787 1376 2881 quotquot
1409 2770 1523 2850 mihi.
1555 2773 1738 2849 innotus·

312 2906 408 2968 runt
445 2895 664 2972 lichenum
698 2895 983 2974 helveticorum
1013 2898 1180 3003 species,
1207 2897 1276 2974 sed
1307 2895 1395 2973 illas
1418 2893 1538 2980 modo
1558 2894 1739 2988 exhibet,

312 3039 486 3118 quarmn
508 3016 636 3119 major
662 3019 761 3096 milri
788 3021 1050 3124 specimiunm
1075 3023 1217 3126 copia,
1247 3036 1288 3096 et
1312 3021 1458 3098 clarior
1479 3021 1575 3098 inde
1597 3038 1637 3096 et
1660 3045 1740 3096 am·

311 3137 418 3242 plior
444 3138 524 3216 fuit
550 3141 755 3246 cognitio,
792 3145 940 3250 speeies
968 3143 1076 3224 enim
1103 3136 1207 3220 rite:
1223 3142 1466 3248 distinguere
1498 3145 1674 3248 primum
1701 3157 1740 3217 et

312 3263 495 3370 princeps
517 3280 576 3340 est
600 3263 658 3340 rei
682 3261 891 3343 herbariae
918 3263 1184 3358 desiderium,
1212 3287 1336 3372 φιειη
1362 3265 1554 3370 plurimas
1579 3283 1740 3342 enume-

312 3409 401 3462 rare
425 3383 596 3466 alterum
621 3387 741 3466 modo
767 3403 806 3468 et
832 3389 1133 3484 secundarium·
1264 3440 1270 3450 ·
1366 3421 1380 3450 -·
1473 3440 1478 3450 -
1544 3443 1548 3452 ·
1730 3405 1734 3421 ¹

339 3575 346 3588 ⁸
412 3583 534 3684 Quod
556 3585 608 3662 ad
634 3586 878 3691 specierum,
903 3583 1161 3678 varietatum,
1185 3581 1404 3664 formarum
1431 3599 1470 3662 st
1503 3563 1740 3690 synonymo·

316 3729 408 3784 rum
433 3703 730 3813 dispositionem
760 3709 920 3800 attinet,
954 3711 1116 3816 propris
1142 3709 1262 3787 verba
1289 3727 1443 3814 repeto,
1476 3731 1581 3815 qnae
1608 3723 1742 3784 extant

313 3827 357 3906 iu
377 3827 812 3939 descriptionefleusris
833 3835 1123 3922 Haustanes,
1148 3836 1190 3911 in
1206 3837 1358 3935 satage
1375 3835 1548 3911 Murcum
1568 3833 1637 3915 der
1657 3835 1741 3910 Ntr·
1763 3881 1768 3894 -

315 3957 589 4058 awgeschtcdte
615 3957 846 4048 traversam,
869 3957 996 4035 vols.
1013 3983 1051 4064 p.
1070 3961 1130 4038 dd
1149 3958 1181 4048 §.
1204 3981 1252 4034 tv.
1524 4001 1528 4010 -
1608 4000 1613 4008 ·

315 4121 319 4128 ’
412 4145 591 4244 ,sactes
618 4142 761 4224 ututur
796 4147 990 4246 comune
1014 4147 1057 4224 sn
1082 4111 1266 4252 pluritas
1299 4145 1517 4255 inassatus
1550 4161 1741 4224 consensu

309 4261 432 4344 unius
448 4261 509 4340 vel
521 4263 699 4372 plurium
714 4264 889 4376 partiuin
903 4256 1201 4350 essentialium

316 4565 320 4572 ,
415 4511 433 4546 s
453 4466 654 4564 Varietos,
678 4465 855 4574 partium
865 4467 1131 4548 essentialium
1145 4467 1411 4547 characterem
1429 4463 1744 4556 servannmiuo·

318 4589 371 4667 ris
393 4588 582 4668 momenti
618 4588 854 4682 mutationes
889 4592 1011 4672 offert
1037 4635 1087 4653 -
1110 4593 1294 4670 &matur
1325 4600 1464 4692 speeies
1489 4615 1559 4672 sus
1584 4603 1744 4696 uptun,

314 4709 551 4814 producitur
573 4721 745 4797 uerutus
768 4713 886 4814 rebus
913 4716 1091 4796 externis.
1108 4727 1126 4760 ¹·

414 4955 431 4992 s
447 4907 481 4986 l
497 4909 752 4990 varietatibus
771 4925 886 4988 caute
900 4899 1201 5016 distinguendae
1223 4913 1316 4989 sunt
1334 4911 1572 4990 mutationes
1588 4933 1609 4988 a
1623 4907 1743 4993 solito

314 5033 474 5112 ellectae
493 5032 1019 5162 plantarum-incremento,
1036 5035 1133 5156 quas
1160 5033 1277 5156 omne
1303 5031 1502 5142 specimen
1518 5029 1601 5144 ,pes
1629 5025 1739 5154 storia

862 5160 902 5174 ..
1274 5165 1298 5216 ἤ
1330 5160 1335 5166 .
