4460 5520
876 423 1044 488 ‘eam
1570 436 1574 446 .
1625 389 1697 476 {19

263 577 345 654 liat.
370 575 412 652 ad
433 595 555 652 terram
579 578 665 650 loeis
688 580 811 664 apricis
839 582 873 648 in
897 587 1039 650 Helvetia
1061 584 1203 648 calidiore
1210 617 1224 661 ‚-
1246 572 1284 650 iu·
1302 579 1567 670 Vallesievslle
1588 587 1697 676 Eutre-
1775 655 1779 664 ,
1840 651 1844 659 ,

343 707 429 758 mont
449 691 483 756 in
507 689 681 756 consortio
701 708 781 756 cum
802 693 954 754 Parmelia
967 691 1112 770 fulgente
1119 723 1130 768 ‚-
1150 708 1256 770 prope
1284 677 1465 771 Gottingam
1485 686 1610 757 lectam
1631 689 1700 756 nri-·

343 797 387 863 sit
409 793 452 862 cl.
474 795 615 880 Mutari.
1483 875 1486 880 Ι

261 903 363 966 Desrr.
387 903 513 966 Thallus
533 907 749 980 crustaoeus,
772 893 904 980 mollis,
927 895 1030 964 modo
1051 899 1086 964 in
1103 895 1236 966 rosulas
1257 899 1454 966 efformatus
1471 898 1514 968 ad
1531 901 1697 970 ambitum

343 1003 635 1084 inciso-lobatas,
660 1013 776 1068 cantro
802 1001 1111 1086 rugoso-plicat03
1141 1002 1224 1072 alias
1253 1025 1298 1072 cx
1323 1005 1508 1089 squamulis
1536 1006 1696 1076 solitariis

342 1107 617 1180 conveniusculis
644 1105 830 1190 elongatis,
859 1109 996 1191 incisis,
1026 1109 1151 1196 absque
1178 1110 1296 1178 ordine
1324 1110 1496 1195 dispositis
1528 1113 1696 1184 conflatus

341 1216 497 1298 videtur3
526 1215 722 1298 superficies
757 1205 853 1294 alba,
887 1217 1080 1284 tenuissime
1112 1211 1273 1285 larinosa.
1326 1219 1494 1302 Apotlucia
1528 1240 1629 1304 quam
1659 1221 1697 1288 in
1768 1259 1773 1270 ·

342 1324 447 1408 priori
465 1323 622 1402 minora,
642 1341 660 1387 e
685 1318 869 1406 squamulis
888 1334 1137 1406 prorumpunt3
1159 1321 1240 1392 hinc
1262 1322 1399 1404 juniora
1420 1345 1440 1390 a
1465 1322 1570 1392 thalla
1594 1346 1696 1396 ooro·

341 1441 442 1510 nata,
466 1413 634 1497 adultiora
659 1438 741 1494 vero
762 1425 867 1494 libera
887 1441 967 1496 sunt
989 1431 1205 1514 margineque
1228 1431 1365 1514 proprio
1393 1432 1484 1498 tenui
1507 1432 1695 1513 instructa,

304 1561 305 1566 ¹
340 1535 463 1620 plana,
489 1555 568 1602 raro
593 1554 772 1626 convexa,
795 1545 887 1616 atra,
912 1533 1051 1612 juniora
1071 1536 1382 1620 casio-pruinosas
1411 1548 1563 1606 ceterum
1585 1549 1697 1608 totum

342 1639 560 1726 apothecium
591 1660 609 1706 e
637 1636 710 1706 sola
740 1641 831 1708 tenui
858 1631 984 1708 lamina
1007 1642 1193 1710 consistere
1215 1641 1369 1725 videtur,
1398 1655 1542 1712 stratum
1573 1645 1695 1731 carbo·

340 1767 486 1816 naccum
508 1744 640 1814 nullum
661 1746 808 1813 invenio.
1464 1835 1467 1842 Ι

264 1858 332 1922 Obs.
354 1861 384 1920 1.
408 1854 578 1922 Mutunus
596 1853 632 1918 in
654 1850 740 1918 libro
760 1851 883 1936 saepius
901 1848 1038 1918 laudato
1057 1874 1091 1936 p.
1107 1857 1162 1918 581
1180 1849 1380 1922 contendit:
1407 1851 1576 1933 „Thallum
1590 1860 1695 1924 uscue.

342 1967 413 2039 „nis
433 1965 532 2042 epigri
547 1957 641 2024 Pers.
662 1961 702 2022 ab
722 1963 811 2022 initio
831 1981 869 2022 err
890 1962 1052 2025 tuberculis
1074 1965 1233 2026 consistere
1253 1965 1539 2027 iuramenti-cinerem
1558 1984 1596 2027 aa
1615 1942 1697 2029 lurni·

341 2070 439 2146 „bus,
464 2086 527 2152 pua
547 2071 578 2128 iu
600 2065 653 2128 illa
673 2068 811 2128 Liclunis
827 2067 986 2148 paradoxi
1003 2063 1147 2146 Eunu,
1168 2071 1201 2130 in
1220 2071 1306 2148 cujus
1329 2073 1475 2132 consortio
1495 2071 1590 2152 uulgo
1610 2073 1693 2134 inne-

343 2181 491 2253 „niatur‚
523 2173 727 2235 transmutari
755 2171 932 2236 videantur.
973 2173 1053 2250 Mox
1079 2192 1153 2236 vero
1183 2175 1344 2236 tuberculis
1372 2177 1405 2236 in
1433 2173 1519 2237 labos
1546 2156 1691 2251 mutatis,

341 2294 497 2362 „stratum
518 2280 660 2341 corticale
683 2279 773 2360 idque
798 2279 843 2340 ad
865 2297 937 2342 oras
955 2281 1089 2358 primurn
1110 2271 1251 2355 dissolvi,
1277 2287 1378 2343 totam
1397 2282 1579 2362 superficiem
1602 2295 1699 2345 natu--

344 2407 436 2465 „ram
452 2385 573 2448 induere
589 2383 787 2464 pulveream,
805 2384 1027 2476 candidamque
1035 2385 1115 2464 fieri.
1160 2387 1218 2448 illo
1232 2387 1356 2466 pulvere
1372 2363 1596 2470 apotluciorunr
1614 2406 1694 2452 niar-

342 2498 448 2572 „gines
463 2492 608 2572 proprios
630 2492 764 2570 aspergi,
789 2509 849 2572 quo
871 2492 1009 2571 deceptus
1031 2490 1183 2554 Aclrasius
1201 2494 1281 2554 lruna
1305 2494 1447 2566 liclrenenr
1466 2497 1543 2557 iuter
1559 2473 1694 2558 Lecano-

273 2603 279 2611 '
343 2619 421 2676 „ras
437 2596 695 2661 enumeraverir.“
711 2633 751 2645 -
772 2592 846 2660 Nos
865 2597 1022 2659 Liclrenem
1039 2597 1233 2678 paradoxum
1248 2593 1390 2674 Eunu,
1407 2615 1507 2690 quem
1524 2616 1569 2662 ex
1586 2595 1696 2680 ipsius·

341 2702 491 2768 auctoris
509 2699 694 2784 specimine
709 2699 888 2780 novimus,
906 2700 939 2764 in
956 2704 1098 2765 Helvetia
1114 2697 1265 2766 nondum
1281 2697 1443 2781 legimus,
1460 2721 1570 2784 neque
1585 2699 1694 2770 ullam

338 2809 410 2876 sive
429 2806 575 2874 formam
596 2817 751 2890 spectes,
773 2806 844 2874 sive
867 2801 1019 2872 colorem
1042 2811 1181 2872 Liclrenr‘s
1199 2813 1299 2890 epigri
1320 2825 1399 2874 ourn
1419 2803 1478 2874 illo
1499 2805 1691 2877 similitudi·

337 2935 415 2982 nem
437 2897 805 2997 detegere-possumus

256 3029 286 3106 2.
324 3019 422 3089 Juste
452 3041 533 3088 sane
561 3015 795 3088 cl.Fn1nssus
824 3018 860 3086 in
888 3009 1007 3086 litteris
1037 3015 1080 3086 ad
1105 3015 1349 3086 amicissimum
1376 3005 1426 3088 Lu
1453 3018 1617 3088 Parvosr
1648 3016 1693 3086 de

336 3129 503 3196 Acuauro
527 3125 698 3208 queritur,
726 3122 817 3210 quod
843 3128 997 3192 Limenun
1020 3127 1228 3191 candicantem
1254 3125 1373 3192 Drcns.
1399 3140 1496 3211 crypt.
1516 3127 1610 3206 faro
1627 3130 1690 3192 ΙΙΙ.
1795 3147 1798 3154 ·

332 3257 367 3320 p.
387 3233 436 3298 15.
453 3247 478 3302 t.
495 3233 569 3310 9·s.
590 3234 621 3297 5.
641 3229 755 3298 Surrrr
771 3234 860 3312 Eugl.
882 3229 951 3296 Bor.
970 3246 996 3295 r.
1012 3232 1102 3300 urs.
1124 3251 1203 3296 oum
1225 3235 1306 3296 Lirlr.
1322 3237 1430 3314 epigaeo
1449 3231 1688 3314 conjunxerit:

338 3338 525 3406 D1cusou11
546 3333 695 3424 plantam
717 3334 759 3403 ad
779 3355 867 3402 saxa
889 3333 1045 3403 calcarsa
1066 3337 1201 3406 obviam
1222 3357 1267 3404 ex
1289 3343 1400 3420 Anglia
1417 3339 1510 3406 rnisit
1531 3335 1572 3406 ci.
1593 3337 1693 3408 Bon-

337 3466 431 3525 nau,
458 3463 502 3511 ex
530 3448 630 3509 Gallia
655 3443 829 3526 specimen
856 3463 875 3508 a
900 3435 1041 3510 Farns1o
1073 3441 1332 3512 determinatum
1363 3442 1408 3512 cl.
1438 3445 1487 3512 La
1512 3445 1687 3512 Pnnvos‘r.

227 3617 232 3626 ,
337 3548 428 3617 Huic
450 3547 574 3616 licheni
599 3552 700 3618 etiarn
726 3546 850 3618 thallus
873 3561 924 3617 est
947 3547 1258 3633 rugoso-plicatus,
1282 3549 1324 3617 ad
1345 3543 1509 3618 ambitum
1532 3548 1689 3628 leuatus,

306 3679 311 3694 ·
337 3653 398 3723 sed
421 3653 489 3722 lobi
513 3653 649 3722 latiores
671 3667 705 3722 et
725 3667 848 3722 natura
869 3652 1005 3735 durior,
1028 3667 1194 3738 tartarea,
1214 3656 1395 3740 superficie
1417 3655 1690 3738 albo-farinam,

275 3823 284 3836 ,
337 3759 386 3830 uti
403 3764 438 3830 in
460 3767 540 3828 Lr'clr.
565 3768 709 3829 calcares.
753 3759 945 3844 Apothecia
965 3755 1153 3844 marginem
1175 3765 1347 3846 spurium,
1369 3757 1572 3846 thaliodem,
1587 3785 1689 3834 *oras-

337 3889 413 3936 sum
437 3867 581 3952 habent,
611 3866 701 3937 unde
732 3861 867 3937 tandem
891 3864 1015 3936 lamina
1042 3867 1215 3938 discoidea
1243 3859 1343 3953 plana
1371 3872 1522 3953 margine
1549 3872 1689 3957 proprio

335 3975 503 4044 instructa
527 3977 672 4058 eminet,
703 3976 802 4058 cujus
827 3974 924 4044 color
947 3975 982 4068 iu
1009 3987 1099 4044 statu
1127 3974 1323 4046 humectato
1351 3965 1490 4048 minime
1515 3990 1588 4046 ater
1613 3971 1687 4056 est,

336 4080 395 4150 scd
416 4081 626 4180 atro-rufus,
650 4085 698 4150 uti
720 4083 754 4149 in
784 4086 954 4150 Urceolaria
972 4087 1278 4164 cinereo-rufescentes

184 4311 187 4316 “
253 4289 451 4370 LECIDEA
473 4300 764 4384 rugoso-plicata,
791 4293 835 4370 ad
856 4295 1019 4370 ambitum
1046 4301 1181 4386 lobata,
1208 4299 1343 4386 albidas
1367 4301 1552 4387 apotheoiis
1575 4305 1864 4394 minu-spherica.

336 4407 494 4486 assiriis,
518 4404 688 4488 globosis,
713 4410 980 4491 immarginatis,
1005 4411 1095 4478 atris.

253 4517 333 4578 llab.
357 4513 399 4582 ad
418 4525 541 4585 terram
559 4515 594 4580 in
615 4511 753 4598 Alpibus
778 4514 963 4596 calcareis3
984 4515 1018 4581 in
1040 4539 1086 4584 m.
1102 4496 1231 4584 'Scheibe
1252 4529 1286 4586 et
1312 4523 1436 4588 Gemmr'.

254 4619 355 4686 Deso.
381 4623 506 4688 Tlrallus
527 4621 648 4705 prioris
669 4633 790 4705 praetcr
809 4620 960 4706 colorem
981 4621 1176 4703 sordidum,
1199 4625 1371 4692 interdurn·
1385 4623 1688 4695 viridi-flavescen-

337 4736 415 4791 tem.
445 4732 613 4808 Aporbecia
627 4748 709 4794 vero
727 4748 772 4794 ex
788 4719 1022 4796 minutissimis
1041 4741 1237 4798 constanter
1253 4730 1415 4813 globosa,
1433 4732 1685 4813 immarginata,

335 4832 462 4916 absque
483 4837 575 4903 omni
599 4837 721 4921 pruina
746 4847 840 4918 atra,
867 4855 976 4918 neque
1000 4857 1021 4902 a
1045 4833 1151 4905 thalla
1176 4849 1361 4922 coronata,
1385 4839 1477 4909 intus
1500 4835 1687 4908 concolora

334 4949 424 5008 sunt
445 4977 487 4994 —-
507 4939 643 5026 Species
663 4939 802 5012 ulterius
824 4939 1067 5029 persequenda.

1208 5049 1275 5119 22*
1330 5143 1333 5150 .
