4460 5520
888 409 1029 516 ψ
1602 429 1669 503 ιιι

323 615 583 697 magdeburgicam
603 625 638 682 et
656 633 762 699 prope
782 618 971 694 Brrolr'num,
995 635 1040 683 en
1067 621 1184 696 Vogesi:
1203 613 1294 682 misit
1316 610 1358 681 cl
1381 611 1570 683 Moncncr.
1596 616 1672 685 tin

327 743 370 788 tn.
398 727 521 787 Gurten.

243 830 342 893 Derrr.
369 831 513 907 mallus,
538 825 731 894 cubiculum
753 837 831 896 ante
852 847 953 910 quam
975 825 1095 894 areolis
1118 827 1309 896 obseritur
1304 849 1349 897 ex
1370 828 1473 896 meris
1496 829 1672 912 componi·

294 949 301 958 ·
325 943 382 1002 tur
398 929 526 1000 fibrillis
547 933 771 1015 tenuissimis,
792 931 1065 1015 atro-viridibus,
1087 957 1161 1018 quae
1177 936 1212 1002 in
1230 935 1392 1003 verticem
1412 933 1580 1018 disposltae
1601 955 1672 1002 am-

271 1101 273 1106 .
323 1038 430 1106 bitum
461 1037 611 1106 formant
642 1037 828 1107 dendritice
862 1040 1096 1121 effiguratum3
1119 1029 1205 1109 'haec
1234 1039 1392 1125 plantulae
1426 1038 1613 1122 primordie
1636 1041 1673 1106 in

325 1147 517 1231 quartzosis
538 1146 708 1229 praecipue
727 1143 916 1228 lapidibus,
939 1145 1060 1229 quibus
1081 1143 1237 1228 laevigata
1257 1147 1455 1230 superficies
1478 1158 1549 1227 est,
1571 1165 1673 1213 cons—

323 1250 393 1334 pici
416 1245 518 1333 licet,
542 1251 578 1318 in
599 1249 766 1318 adultiore
788 1249 902 1335 planta
923 1248 1051 1319 librillae
1072 1248 1137 1319 illae
1158 1253 1194 1318 in
1216 1264 1347 1320 textum
1374 1250 1504 1320 coalitae
1528 1253 1674 1320 crassio-

326 1376 398 1422 rem
419 1368 453 1424 ct
473 1367 584 1423 atrum
606 1358 739 1424 nonnisi
763 1355 805 1424 ad
830 1355 975 1427 subiculi
998 1356 1162 1426 ambitum
1183 1355 1284 1444 idque
1305 1381 1383 1426 raro
1404 1359 1672 1454 conspiciuntur.

324 1461 380 1530 Ex
408 1473 482 1531 atro
510 1463 576 1529 isto
603 1460 759 1530 eubiculo
784 1485 869 1530 mox
894 1460 1015 1532 areolae
1044 1457 1221 1548 emergunt
1246 1463 1376 1548 forma,
1403 1466 1470 1532 situ
1498 1476 1532 1531 et
1558 1461 1674 1532 colore

325 1565 470 1644 multum
491 1569 668 1636 variantes.
710 1563 795 1640 Sunt¹
816 1572 905 1642 enim
927 1567 1241 1651 tuberculiformes,
1262 1592 1386 1656 sparsae
1408 1582 1441 1638 et
1458 1567 1673 1655 griseo-albae

312 1673 360 1742 'in
384 1675 544 1742 varietate
566 1697 611 1756 ιιι
638 1672 881 1758 planiusculae,
903 1678 1179 1760 approximatis,
1194 1674 1247 1745 vel
1269 1679 1304 1750 in
1331 1689 1481 1745 crustam
1508 1679 1673 1745 rimosam

325 1791 496 1861 congestae
521 1791 555 1848 et
577 1777 975 1849 cinereo-luscescentes
998 1783 1034 1848 in
1055 1783 1215 1850 varietate
1237 1793 1289 1865 nt
1314 1780 1535 1867 planiusculae
1557 1779 1673 1850 sublo-

222 1975 225 1980 .
325 1885 433 1967 betae,
454 1885 794 1968 griseo-rufesceutes
812 1898 847 1954 et
865 1887 936 1954 lere
956 1885 1085 1970 badiae,
1101 1909 1190 1972 saepe
1208 1887 1243 1954 in
1261 1880 1412 1956 cr'nstam
1429 1887 1673 1968 rimoso-areo·
1755 1967 1758 1974 .
1809 1975 1812 1983 Δ

117 1973 124 1994 ’
324 1989 427 2058 latam
444 1993 525 2059 satis
545 2012 696 2062 crassam
713 2005 884 2075 congestae
901 1994 936 2061 in
950 1993 1113 2064 varietate
1130 2025 1158 2068 ι.
1186 1994 1393 2062 Αιιιιιιιίιιι
1411 2015 1493 2062 vcro
1511 1996 1673 2080 inspecte

325 2096 448 2166 areolas
467 2117 601 2181 semper
619 2099 798 2180 brunnen,
817 2097 991 2180 dilutiorcs
1009 2097 1145 2184 quidem
1162 2097 1216 2166 vel
1233 2097 1468 2181 obscuriores,
1485 2097 1545 2168 sed
1558 2100 1675 2180 junio·

324 2223 379 2270 res
398 2203 584 2288 prasertim
606 2204 725 2286 pruina
750 2206 946 2274 tenuissima
969 2202 1211 2288 albida-grisea
1234 2206 1372 2275 suffusae
1397 2216 1496 2288 suut,
1525 2228 1592 2292 qua
1615 2205 1674 2274 de-

325 2319 417 2376 tersa
442 2311 598 2394 prinecps
625 2331 741 2378 earum
772 2307 870 2380 color
896 2310 1068 2382 brunneus
1098 2312 1316 2394 conspicitur.
1358 2311 1540 2383 Varietatis
1569 2313 1675 2382 tertiae

246 2494 249 2504 .
327 2411 499 2500 colorem,
530 2415 792 2484 Ηοιιιιιιιιιιιο
776 2438 849 2500 pain
879 2429 1061 2500 monente,
1089 2438 1159 2485 rev.
1184 2418 1348 2488 Wucrau
1373 2419 1459 2488 bene
1485 2419 1675 2514 expressit,

326 2519 467 2592 dicens:
490 2521 675 2603 „coloris
664 2545 700 2592 ιιι
719 2520 956 2606 dilutissimam
974 2509 1067 2593 velut
1085 2525 1215 2593 umbrae
1232 2517 1442 2607 nigredinem
1461 2526 1676 2606 emorientis,

326 2626 508 2710 ,admixto
538 2641 650 2697 tamen
674 2650 809 2713 semper
838 2627 963 2718 aliquid
988 2623 1225 2700 rufescentis.“
1274 2637 1443 2718 Aporbccio
1469 2652 1489 2699 e
1516 2627 1673 2700 subieulo

328 2733 490 2817 oriunda,
510 2733 699 2819 accolisque
717 2737 915 2820 interposita
937 2735 980 2805 ad
1001 2737 1134 2804 minora
1154 2738 1344 2821 pertinent;
1359 2735 1555 2807 ¹orbiculata
1575 2748 1675 2817 sunt,

326 2838 494 2911 interdum
513 2841 553 2910 ab
573 2841 694 2911 areolis
711 2863 828 2930 pressa
844 2841 1027 2927 angulosa,
1046 2839 1166 2928 plana,
1185 2844 1365 2927 superficie
1381 2864 1445 2913 sua
1463 2864 1520 2910 eas
1539 2863 1676 2926 aequau-

330 2948 376 3014 tia
398 2945 451 3014 rel
477 2970 598 3032 parum
622 2952 838 3037 superantia,
866 2953 1019 3033 markine
1045 2946 1242 3036 plerumque
1270 2946 1371 3018 facile
1400 2950 1608 3034 conspicuo,
1640 2949 1675 3020 in

327 3054 488 3121 varietate
508 3067 535 3126 β.
558 3056 613 3123 cui
635 3056 768 3124 tenuior
787 3069 903 3129 crusta
923 3057 994 3124 fere
1014 3053 1238 3146 superficialia
1255 3067 1335 3124 sunt
1353 3066 1388 3122 et
1406 3056 1557 3138 margine
1581 3075 1676 3124 cras·

328 3160 419 3226 sicre
447 3157 582 3228 donata.
624 3159 728 3228 Color
754 3183 873 3230 eorum
906 3173 1006 3231 extus
1033 3165 1190 3246 intusque
1217 3173 1311 3244 ater,
1340 3162 1468 3245 pruinae
1499 3173 1533 3230 et
1555 3161 1675 3236 nitoris

327 3265 466 3338 omuino
489 3283 621 3350 expers.

249 3309 316 3438 tiis
345 3369 603 3446 Varietateme.
629 3372 680 3442 his
705 3339 897 3446 nominibus
928 3373 1129 3445 Acbarianis
1156 3373 1355 3457 inscriptam
1382 3393 1404 3442 ιι
1429 3373 1674 3447 Scurtrcutuc

326 3481 456 3560 accept
499 3483 624 3548 Iaecidro
643 3487 808 3564 rarpln‘na,
829 3487 866 3548 t.
886 3485 1022 3566 bageam
1044 3485 1177 3547 insolata
1198 3483 1677 3562 cenomannensium
1766 3565 1768 3570 ι

328 3587 398 3660 cido
416 3608 448 3649 a.
472 3591 657 3666 monticola,-
686 3583 820 3653 aliunde
846 3588 947 3654 etlam
974 3586 1171 3668 inscriptam
1196 3583 1306 3663 habeo
1329 3590 1459 3680 Sogrdr'n
1482 3590 1623 3671 depressa
1645 3601 1677 3650 rt

327 3693 448 3755 lmara.
470 3689 560 3758 Aen.
586 3690 778 3774 specimina
798 3713 874 3760 mea
893 3691 938 3760 ad
957 3688 1146 3766 Achenum
1166 3691 1272 3762 missa
1289 3688 1475 3787 declaravit
1493 3688 1535 3758 cl.
1555 3701 1676 3762 auctet
1734 3725 1737 3734 ι

329 3817 391 3880 pro
413 3797 576 3866 varietate
596 3801 725 3866 chidea
745 3801 910 3868 utro-olba.

248 4005 445 4088 tectum
477 4017 600 4088 areolis
628 4018 758 4102 bediis,
794 4018 983 4104 apotheciis
1008 4039 1028 4088 e
1053 4017 1210 4089 eubiculo
1236 4018 1411 4104 oriundis,
1445 4021 1549 4102 atris,
1583 4020 1675 4088 intus
1688 4023 1882 4084 badmaatra·

326 4123 435 4202 ¹albis,
457 4133 563 4194 strato
587 4126 801 4196 carbonaceo
822 4129 978 4211 receptis.
1019 4125 1115 4196 Lich.
1137 4149 1209 4196 ιιι.
1230 4130 1278 4200 ιιο
1300 4131 1369 4200 179.

250 4231 374 4300 derideo
391 4231 593 4298 dudio-atro.
623 4231 688 4302 Fu!
716 4239 751 4300 ιἰι
770 4238 832 4300 litt.
855 4240 945 4302 1815.
972 4233 1133 4307 Serene!
1161 4243 1194 4302 ιἰι
1218 4241 1364 4302 Ναιιιιιιι.
1387 4237 1464 4300 Am.
1484 4239 1562 4314 Aug.
1586 4241 1675 4302 1818.

324 4359 360 4422 p·
382 4343 411 4406 9.
434 4338 530 4416 ulfi.
552 4336 649 4406 Aen!
671 4348 703 4406 ιιι
724 4347 785 4407 dtr.
808 4347 897 4412 1819.

248 4432 375 4512 {coldra
393 4449 506 4508 imme.
527 4441 627 4512 nent
654 4449 725 4530 Spu.
742 4469 777 4530 p.
799 4449 849 4512 dd
871 4443 1081 4530 (sectmdum
1101 4445 1276 4530 specimen
1295 4443 1562 4530 imperfectum).

249 4547 328 4614 nab.
352 4544 394 4618 cd
414 4567 500 4620 sexa
523 4550 691 4632 prandea
708 4551 877 4635 Alpiuma
892 4573 913 4618 e
929 4553 1069 4634 regione
1090 4553 1169 4636 pagi
1188 4553 1312 4632 Aucto,
1332 4553 1370 4620 in
1389 4553 1531 4622 montib.
1555 4555 1682 4618 desrl

330 4663 365 4718 et
387 4659 502 4720 Sueten.

249 4759 350 4824 Descr.
376 4761 529 4825 inaltus:
557 4759 750 4830 cubiculum
776 4773 898 4844 tenue,
922 4763 1088 4846 effusum,
1114 4776 1245 4845 atrurn,
1274 4761 1396 4834 areolae
1422 4762 1526 4847 vulgo
1554 4760 1682 4847 planae,

330 4865 439 4933 rarius
464 4866 761 4950 conveniusculae,
783 4886 909 4952 spersae
910 4863 986 4937 vel
1008 4873 1043 4938 ln
1068 4881 1218 4939 crustam
1241 4873 1387 4938 rimmo
1390 4869 1575 4940 arcelatam
1599 4889 1684 4938 con—

329 4982 453 5055 gcstae,
484 4971 611 5056 badiae,
629 4977 742 5044 etiam
768 4975 973 5061 rulofuscae,
1003 4974 1046 5046 ad
1071 4945 1238 5046 ambitum
1271 4975 1473 5063 pallidiores.
1517 4983 1685 5063 Apothecie
