4510 5516
1165 339 1312 380 W

917 577 1557 770 conuenta

850 869 963 947 mn
998 893 1051 946 σω
1081 867 1229 950 usas.
1258 869 1352 947 cen.
1382 871 1442 947 Ρι.
1464 899 1502 970 ρ.
1525 872 1609 986 sss.
1666 849 1679 872 '
1785 990 1786 996 Ν

966 1061 1235 1118 CHARACTER
1255 1059 1516 1119 assumetis.

523 1191 819 1294 Receptaculum.
845 1191 1036 1298 Scyphuli
1059 1193 1288 1285 ventricosi,
1314 1219 1471 1271 sursum
1495 1191 1707 1284 attenuati,
1739 1191 1850 1299 apice
1884 1215 1948 1270 ex·
2009 1269 2015 1280 ,

621 1316 757 1390 cavati.
806 1319 1068 1424 Parcncbyma
1089 1317 1262 1394 emedio
1294 1316 1488 1423 scyphulo
1515 1315 1793 1422 protuberans,
1826 1314 1944 1392 modo

620 1435 937 1542 planiusculum,
968 1439 1251 1543 marginatum,
1278 1439 1436 1520 tandem
1469 1439 1697 1546 globosum,
1731 1438 1945 1526 reflexum,

620 1561 915 1666 receptaculum
935 1561 1188 1642 abscondens.

1123 1757 1351 1830 Hassrus.

607 1905 733 1970 Thallus
751 1901 937 1988 foliaceus,
960 1902 1111 1984 lobatus,
1134 1904 1285 1986 incisus,
1307 1902 1506 1987 laciniatus,
1528 1903 1631 1972 etiam
1648 1899 1773 1972 nullus·
1794 1897 1944 1972 Ethallo

523 2003 578 2075 vel
596 2027 642 2076 ex
654 2007 728 2093 ipsa
743 2021 832 2078 terra
844 2017 964 2096 stipites
983 2022 1126 2094 surgunt
1144 2007 1318 2091 tubulosi,
1347 2031 1494 2096 quorum
1508 2007 1562 2078 alii
1585 2009 1744 2079 turbinati
1763 2004 1817 2076 vel
1835 2006 1945 2092 cylin-

522 2111 610 2181 drici
626 2114 661 2182 in
677 2114 827 2200 scyphos
843 2114 1001 2185 desinunt
1019 2115 1154 2186 clausos
1166 2114 1219 2184 vel
1235 2117 1390 2201 pervios,
1413 2137 1432 2186 e
1453 2117 1605 2199 margine
1622 2114 1675 2184 vel
1690 2113 1945 2198 diaphragmatc

521 2217 725 2303 prolifer0s‚
755 2219 1058 2307 prolificaticnibus
1081 2221 1251 2292 interdum
1272 2223 1448 2306 repetitiss
1473 2221 1528 2292 alii
1554 2223 1588 2292 in
1619 2219 1778 2291 surculos
1808 2219 1946 2290 elevan-

522 2337 580 2393 tur
596 2337 741 2407 teretes,
761 2325 959 2411 eubuleus,
982 2341 1019 2398 et
1034 2350 1203 2400 ramosos·
1244 2331 1413 2416 Apertam
1440 2327 1681 2412 fungiformia,
1704 2329 1869 2397 coccinea
1890 2323 1943 2394 vel

521 2431 694 2515 brunner,
716 2429 810 2502 thalli
827 2431 974 2522 foliolis,
994 2433 1050 2504 vel
1067 2435 1279 2522 scyphorum
1293 2435 1525 2520 marginibus,
1546 2433 1600 2505 vel
1619 2436 1781 2506 extremis
1798 2429 1945 2504 surculis

494 2528 498 2541 '
522 2535 680 2608 insident.

525 2721 593 2788 Obs.
620 2725 649 2787 1.
690 2717 744 2788 llli
769 2718 1028 2806 apotheciorum
1052 2721 1210 2809 scyphuli
1233 2713 1395 2792 facillime
1423 2722 1647 2792 observantur
1673 2721 1709 2789 in
1735 2716 1944 2815 scyphorum

602 2829 756 2909 margine
771 2826 939 2897 fimbriato
955 2827 1034 2899 inde
1054 2827 1109 2898 vel
1123 2826 1351 2912 denticulat03
1386 2826 1576 2898 observavit
1598 2849 1658 2897 eos
1679 2849 1730 2896 co.
1757 2828 1942 2898 Acnsnrvs

540 3023 544 3035 Ι
603 2934 641 3004 in
655 2937 768 3002 forma
791 2937 989 3019 ampullifrra
1013 2937 1099 3002 stad.
1119 2937 1296 3019 bellidiflorae
1313 2944 1348 3002 et
1364 2933 1452 3003 bene
1475 2933 1654 3021 descripsit
1668 2935 1703 3001 in
1717 2933 1838 3018 Lichgr.
1857 2939 1943 3002 univ.

602 3068 636 3130 p.
652 3043 723 3111 str.
738 3037 793 3110 his
812 3043 924 3112 verbis
946 3065 954 3110 ε
977 3039 1277 3127 ,Apotheeiorum
1298 3042 1410 3111 forma
1430 3039 1609 3126 singularis
1633 3043 1668 3110 iu
1687 3038 1754 3108 hac
1772 3039 1944 3110 varietate.

602 3192 619 3230 η
641 3149 775 3220 Minuta
794 3159 925 3222 suntet
945 3149 980 3218 in
1003 3149 1156 3232 margine
1183 3147 1395 3234 scyphorum
1419 3147 1567 3219 discreta
1591 3168 1653 3220 seu
1676 3143 1848 3228 solitaria,
1877 3162 1942 3212 nec

604 3296 621 3332 „
645 3252 902 3336 conglomerata
917 3257 1007 3326 utin
1024 3255 1193 3340 prioribus
1212 3257 1231 3339 (
1239 3292 1269 3328 a·
1286 3267 1320 3326 et
1332 3258 1412 3339 a),
1433 3257 1544 3340 primo
1566 3246 1808 3325 suburceolata
1828 3272 1889 3321 seu
1909 3248 1945 3320 in

600 3404 617 3442 „
638 3359 752 3430 suedis
773 3362 959 3446 impressa,
982 3363 1164 3444 coccinea,
1188 3359 1326 3432 demum
1343 3363 1453 3445 magis
1472 3359 1646 3432 elevantur
1661 3371 1695 3428 et
1711 3359 1859 3430 formam
1882 3353 1944 3426 ob·

602 3511 619 3549 „
640 3466 779 3551 longam
798 3467 1001 3554 adquirunt,
1024 3469 1096 3537 basi
1115 3479 1149 3537 et
1163 3470 1260 3554 apice
1275 3481 1447 3538 attenuata
1471 3480 1571 3556 atque
1587 3469 1621 3537 iu
1642 3465 1754 3538 medio
1776 3467 1945 3535 crassiora

601 3617 619 3656 „
641 3587 676 3644 et
692 3575 906 3657 ventricosa,
929 3575 1026 3659 apice
1040 3572 1202 3643 ostiolum
1225 3576 1322 3660 quasi
1348 3575 1558 3659 perforatum
1577 3594 1618 3643 ac
1642 3571 1868 3657 marginatum
1888 3583 1950 3638 os-'

601 3723 619 3758 „
640 3677 810 3762 tendente,
823 3679 908 3752 adeo
925 3691 964 3748 ut
975 3678 1158 3765 ampullam
1172 3682 1433 3754 minutissimam
1447 3680 1537 3751 eollo
1550 3680 1737 3766 angustiori
1752 3676 1937 3765 praeditam

602 3827 619 3864 ,‚
641 3786 790 3869 perfecte
813 3783 1020 3868 assimilent,
1046 3797 1146 3872 atque
1161 3787 1196 3856 iu
1212 3785 1281 3856 hoc
1307 3801 1398 3859 statu
1420 3789 1528 3870 magis
1545 3788 1642 3856 fusca
1658 3781 1918 3855 observantur.”

562 3888 680 3988 Quum
700 3889 784 3960 istos
802 3889 884 3964 olim
900 3889 1087 3980 scyphulos
1106 3893 1256 3978 primum
1272 3891 1583 3962 animadvertissem
1600 3894 1634 3960 in
1660 3888 1762 3958 thallo
1785 3889 1939 3973 sipitibus

599 3995 763 4066 destituto
793 4003 874 4068 elad.
893 4001 1074 4082 filiformis,
1109 4019 1237 4067 novum
1265 4018 1372 4081 genus
1398 4019 1418 4067 a
1443 4019 1499 4068 me
1526 3996 1703 4068 detectum
1731 3995 1879 4080 credidi,
1904 4008 1939 4075 et

599 4101 704 4173 habui
723 4107 924 4190 proLiehene
940 4107 1113 4188 rubisormi.
1137 4108 1226 4190 Επεὶ.
1242 4109 1310 4172 Bos.
1327 4115 1350 4176 t.
1364 4113 1479 4186 2112,
1495 4127 1580 4191 quae
1594 4106 1686 4176 icon·
1707 4117 1846 4176 nostros
1859 4121 1941 4189 scy-

597 4207 723 4296 phulos
744 4207 975 4296 magnitudine
999 4222 1120 4279 auctos
1137 4209 1224 4279 bene
1248 4223 1488 4296 repraesentat·
1530 4211 1616 4282 Dein
1635 4213 1671 4282 in
1696 4209 1790 4282 thalli
1812 4208 1939 4282 lbliolis

597 4315 680 4400 vidi,
696 4339 741 4386 ex
757 4318 877 4403 quibus
895 4326 929 4384 et
941 4313 1124 4404 pedunculi
1138 4317 1344 4402 surgebant,
1360 4311 1504 4404 denique
1514 4339 1574 4408 per
1592 4339 1693 4389 omne
1706 4339 1812 4402 genus
1828 4319 1940 4386 inveni

599 4423 812 4510 scyphorum
831 4421 1000 4505 margini,
1020 4417 1075 4490 vel
1102 4423 1136 4490 in
1162 4421 1372 4494 fruticulosis
1388 4427 1549 4495 extremis
1568 4422 1707 4497 ramulis
1727 4423 1919 4494 insidentes.

521 4533 589 4600 obs.
612 4539 642 4604 2.
684 4531 735 4600 De
755 4529 824 4598 hoe
836 4548 960 4613 genere
976 4528 1063 4598 bene
1085 4525 1166 4598 olim
1189 4531 1329 4604 meritus
1354 4545 1406 4602 est
1431 4531 1640 4616 Dusnurus3
1669 4529 1790 4601 multas
1808 4527 1937 4599 fortnas

598 4647 760 4706 accurate
784 4633 986 4719 descripsit,
1022 4631 1167 4704 fideliter
1182 4634 1361 4708 delineavit
1375 4649 1409 4706 et
1423 4641 1504 4708 satis
1520 4637 1663 4708 feliciter
1681 4634 1724 4705 ad
1746 4655 1825 4706 suas
1840 4635 1939 4706 rede·

597 4743 649 4826 git
661 4741 803 4826 species.
838 4739 1040 4810 Formarum
1061 4761 1241 4814 numerum
1264 4741 1937 4828 auxeruntHussn,Scor0u,Ws1ss

598 4861 631 4917 et
654 4847 818 4930 Wsssa,
834 4847 890 4930 qui
901 4892 911 4928 ,
923 4866 1005 4916 cum
1013 4843 1128 4916 nullos
1147 4845 1335 4920 lichenibus
1352 4847 1555 4936 scyphileris
1578 4861 1611 4922 et
1629 4847 1848 4920 comiculatis
1862 4869 1939 4935 spe·

598 4953 728 5024 cirrum
744 4948 869 5022 limites
890 4953 1018 5036 positos
1038 4951 1282 5040 credidissent,
1304 4975 1365 5026 eos
1381 4977 1498 5026 omnes
1514 4957 1614 5026 unius
1626 4955 1845 5044 ejusdemque
1861 4975 1939 5043 spe·

598 5056 689 5139 cisi,
718 5059 864 5128 bureau
892 5061 1043 5146 pperisti
1070 5057 1264 5134 formaret
1297 5065 1477 5136 varietates
1505 5077 1815 5148 enumeraremus,
1850 5081 1938 5151 quae
