4460 5520
364 517 691 630 SODALES
735 520 1371 662 HONORATISSIMI,

544 761 667 875 AM
682 766 707 871 Ι
722 763 1086 896 CISSIMI!

256 1025 431 1212 Quor>
466 1085 501 1168 si
537 1081 623 1167 ulla
658 1086 785 1201 patris
820 1087 932 1174 'cives
969 1117 1065 1174 suos
1101 1089 1155 1173 ad
1191 1091 1512 1205 investigandam
1547 1123 1681 1179 rerum

253 1240 440 1306 naturam
478 1223 665 1308 hortatur
700 1245 741 1308 et
778 1227 943 1336 excitat,
982 1247 1121 1314 nostra
1159 1249 1264 1313 certe
1302 1251 1372 1314 est
1440 1231 1543 1316 Sive
1571 1234 1682 1316 enim

254 1362 457 1448 internam
485 1359 564 1446 soli
592 1365 721 1446 nostri
750 1383 990 1449 structuram
1019 1368 1293 1482 inquiramus,
1323 1369 1408 1452 sive
1433 1368 1557 1453 valles
1587 1400 1682 1486 per-

254 1528 488 1607 curramus,
533 1502 617 1587 sive
660 1499 786 1586 ardua
828 1504 1035 1606 montium
1074 1508 1288 1591 cacumina
1332 1509 1597 1622 suspiciamus
1642 1529 1682 1592 et

253 1635 571 1748 adscendamus,
606 1639 765 1754 ubique
795 1642 946 1758 quibus
977 1643 1089 1728 oculi
1117 1647 1247 1729 nostri
1276 1643 1547 1752 delectentur,
1587 1648 1681 1758 qui·

251 1775 331 1858 bus
361 1775 538 1901 eruditio
569 1807 615 1860 ac
643 1779 811 1865 scientia
844 1801 981 1867 nostra
1018 1793 1294 1890 exerceantur,
1332 1784 1483 1898 quibus
1520 1786 1679 1870 animus

253 1931 391 1998 noster
429 1917 603 2028 erigatur
641 1938 683 2000 ct
721 1919 775 2003 ad
812 1921 1156 2036 sapientissimum
1192 1921 1384 2008 Universi
1422 1922 1680 2008 conditorem

253 2083 300 2137 ac
327 2051 631 2140 moderatorem
660 2056 886 2165 attollatur,
916 2058 1040 2144 obvia
1068 2059 1190 2144 nobis
1220 2082 1324 2144 sunt
1372 2059 1483 2144 Hinc
1510 2063 1680 2146 Nostra-

251 2211 311 2273 tes
340 2222 492 2305 magno
519 2223 680 2309 semper
709 2225 846 2290 amore
871 2225 1152 2312 prosperoque
1183 2227 1370 2307 successu
1398 2230 1533 2283 rerum
1558 2198 1695 2285 natu?

251 2329 398 2415 ralium
441 2331 579 2418 studio
622 2332 754 2418 dediti
796 2355 938 2442 crant,
984 2333 1173 2448 claraque
1219 2337 1321 2420 olim
1364 2340 1494 2453 patria
1539 2361 1680 2424 nostra

249 2461 532 2560 Seleuciaeri
540 2534 557 2574 ,
596 2473 897 2558 Baulzinorum
906 2538 923 2578 ,
966 2474 1172 2576 Βοηηετί,
1213 2477 1388 2560 Hallera‘
1397 2541 1414 2581 ,
1458 2477 1679 2564 Saussurii

250 2612 406 2725 magnis
436 2613 633 2725 ingeniis·
973 2701 975 2706 ,
1327 2616 1329 2619 ’

362 2751 486 2836 Hisce
509 2752 750 2838 nominibus
770 2751 939 2865 dignam
968 2780 1123 2837 servare
1143 2750 1294 2836 almam
1316 2754 1507 2867 patriam,
1537 2756 1676 2840 animo
1801 2777 1806 2786 “

226 2891 344 2996 sibi
365 2920 639 3008 proposuere,
676 2889 829 3006 quibus
865 2890 1062 2976 tredecim
1090 2912 1184 2975 ante
1222 2921 1374 2998 annos,
1410 2921 1560 3007 magno
1598 2895 1678 2978 im-
1776 2993 1780 3000 ¹

247 3028 377 3146 pulsis
407 3031 451 3113 in
481 3031 667 3115 scientias
697 3027 900 3114 nattuales
930 3058 1088 3138 amore,
1116 3029 1295 3143 placuit,
1325 3031 1515 3144 auspiciis
1543 3035 1677 3146 preci-

246 3168 409 3284 busque
447 3167 685 3254 ardentibus
716 3167 1103 3253 consummatissimi
1130 3168 1314 3251 Henrici
1341 3163 1513 3253 Alberti
1545 3168 1677 3256 Gosse

246 3312 482 3394 societatem
509 3329 691 3392 nostram
720 3303 924 3414 condere,
961 3287 1284 3418 nominibusque
1321 3305 1419 3391 inde
1459 3305 1563 3392 datis
1602 3341 1676 3394 au·
1750 3357 1756 3363 ·

248 3477 349 3562 gere.
411 3449 625 3557 Quantum
652 3466 789 3530 autem
819 3443 872 3528 ab
901 3442 975 3528 illo
1005 3444 1103 3529 inde
1131 3465 1316 3559 tempore
1345 3474 1480 3529 rerum
1510 3467 1676 3531 natura-

245 3585 350 3670 lium
381 3584 565 3670 studium
594 3586 699 3668 inter
723 3612 800 3668 nos
822 3585 1010 3691 creverit,
1039 3585 1128 3698 jure
1148 3613 1291 3668 omnes
1321 3582 1516 3666 laetamur.
1546 3585 1674 3668 VES-

183 3819 187 3826 ,
246 3725 407 3811 TRUM
437 3723 559 3836 igitur
577 3750 654 3839 pro
679 3719 834 3808 viribus
862 3722 965 3806 meis
991 3720 1164 3835 dignum
1193 3751 1260 3806 me
1289 3720 1466 3807 reddere
1489 3722 1674 3809 sodalem

246 3859 329 3946 hoc
359 3861 559 3979 opusculo
588 3889 708 3970 mee,
739 3860 858 3974 quod
886 3861 1018 3946 sentio
1049 3890 1175 3974 quam
1204 3862 1255 3944 sit
1280 3859 1496 3974 exiguum,
1526 3862 1671 3969 velim,

188 3985 193 3994 ¹
246 4004 497 4115 societasque
534 4022 671 4086 nostra
701 4021 748 4084 ut
776 4000 820 4081 in
848 3999 989 4115 patriae
1019 3997 1289 4085 commodum
1319 4019 1360 4083 et
1390 3998 1515 4090 decus
1544 4001 1671 4111 magis

245 4139 455 4250 magisque
492 4140 647 4252 vigeat,
679 4156 858 4243 crescat,
887 4137 1049 4246 floreat,
1086 4141 1230 4223 Deum
1263 4138 1486 4249 Optimum
1514 4138 1671 4222 Maxi-

246 4309 365 4362 mum
394 4303 554 4391 precor,
583 4273 693 4360 VOS
722 4303 819 4361 vero
841 4273 1100 4360 SODALES
1128 4274 1592 4361 HONORATISSIMI!
1624 4297 1671 4360 ut

216 4417 348 4512 'trrihi
376 4412 602 4528 studiisque
633 4414 734 4498 meis
765 4413 927 4500 faveatis
958 4435 999 4498 et
1026 4413 1271 4525 indulgeatis
1303 4443 1376 4498 oro
1408 4442 1603 4530 rogoque.

1111 4593 1241 4690 Sodalis
1265 4621 1443 4705 cultorque
1464 4622 1624 4690 Vestrum

1258 4787 1418 4854 Aucrou.
