4460 5520
1179 385 1317 416 mk&

613 551 650 621 in
670 548 828 636 planitie,
855 553 982 620 Lectdm
1002 565 1151 638 confluens
1172 575 1254 622 vero
1278 557 1314 624 io
1338 553 1451 640 alpina
1476 557 1615 640 regione
1639 565 1808 627 occurrat
1851 554 1966 624 Pana·

612 679 690 726 mus
713 656 868 742 quidem,
899 655 990 727 hanc
1012 661 1133 744 prioris
1157 681 1231 729 esse
1251 661 1446 731 varietatem
1469 683 1488 730 e
1515 657 1587 730 loci
1608 660 1802 731 diversitate
1831 671 1967 742 ortamr

613 775 686 832 tum
716 784 857 832 necesse
886 775 960 848 est,
980 766 1022 841 si
1050 763 1156 848 hujus
1186 779 1302 836 crusta
1332 788 1377 835 ex
1408 767 1590 852 destruetis
1620 767 1709 838 illius
1739 764 1860 837 areolis
1890 777 1969 836 orm

611 867 750 951 fuisset,
767 871 847 938 istas
863 869 995 940 areolas
1008 884 1084 941 ante
1094 872 1358 942 destructionem
1369 893 1467 944 suam
1479 895 1628 958 unquam
1641 861 1813 954 extitisse,
1829 891 1967 940 earum-

553 1028 556 1036 .
612 997 677 1060 que
694 974 806 1061 aliqua
822 977 965 1059 vestigia
980 978 1119 1063 reperiri
1136 971 1246 1064 posse.
1290 977 1418 1048 Verum
1433 978 1467 1048 in
1482 992 1598 1049 monte
1620 985 1760 1054 Grimsel,
1777 999 1878 1063 quern
1893 975 1965 1046 ullo

609 1080 727 1150 forsan
752 1083 913 1151 botanioo
943 1081 1152 1168 frequentius
1182 1082 1343 1154 adscendi
1370 1089 1485 1155 Lichan
1510 1098 1657 1170 confluens
1681 1081 1723 1153 ad
1750 1083 1865 1153 omnia
1892 1081 1965 1154 fere

608 1208 695 1256 saxa
721 1189 896 1272 occurrit,
926 1194 1084 1258 Limenem
1098 1194 1261 1273 sumerum
1283 1212 1354 1259 non
1379 1190 1467 1273 legi,
1497 1211 1606 1276 neque
1629 1194 1665 1259 in
1691 1191 1861 1273 centenis,
1888 1212 1964 1276 quae

610 1315 729 1365 coram
747 1291 858 1364 habeo
881 1295 1123 1381 speciminibus
1148 1291 1346 1377 helveticis,
1369 1291 1551 1380 multisque
1572 1300 1814 1382 entiereynto,
1843 1298 1965 1362 sederit

609 1412 643 1470 et
668 1407 787 1483 Vogrsr's
805 1402 888 1470 ortis
909 1398 1017 1471 ullum
1036 1399 1172 1487 quidem
1191 1401 1348 1484 detegere
1366 1422 1508 1490 possum
1526 1398 1661 1470 illarum
1680 1399 1869 1470 areolarum
1886 1419 1965 1468 vos·

608 1505 739 1589 tigium.
782 1506 941 1574 Ceterum
967 1503 1091 1575 thallus
1120 1509 1251 1576 timens
1264 1507 1386 1588 fumosi
1409 1508 1452 1577 ab
1478 1505 1599 1577 areolis
1628 1506 1797 1576 distinctis
1823 1503 1965 1576 subicu-

578 1610 709 1697 ,loque
736 1623 811 1680 atro
840 1611 1007 1697 impositis
1034 1611 1172 1697 incipit,
1201 1611 1257 1682 ille
1286 1633 1367 1682 vero
1395 1619 1533 1680 Licinnia
1556 1620 1735 1695 multumne
1762 1635 1783 1682 a
1807 1613 1900 1680 tenui
1930 1623 1966 1682 et

608 1721 772 1801 continua
803 1730 918 1786 crusta
949 1717 1114 1802 incipiens
1145 1729 1247 1788 aucto
1281 1715 1420 1787 demum
1450 1719 1661 1788 incremento
1693 1738 1831 1788 crassus
1862 1713 1965 1804 iit-et

605 1821 812 1907 rimulosus3
829 1845 893 1892 nec
911 1839 1061 1909 uuquam
1079 1822 1182 1906 huius
1203 1823 1382 1909 apothecis
1399 1825 1521 1910 pruina
1537 1820 1595 1893 illa
1611 1828 1712 1916 caesia
1727 1825 1856 1894 suffusa
1870 1821 1962 1918 vidi,

608 1952 683 2015 quae
704 1929 740 1998 in
757 1928 950 2011 junioribus
976 1935 1110 1998 timeae
1125 1933 1244 2014 fumosi
1265 1941 1461 1999 constanter
1481 1927 1656 2016 reperitur.

522 2041 553 2104 2.
581 2033 634 2105 De
658 2035 692 2104 vi
716 2057 819 2121 quam
844 2037 972 2106 ferrum
997 2033 1100 2121 lapidi
1127 2029 1319 2106 inhabitans
1342 2037 1378 2106 in
1406 2047 1588 2106 tartaream
1612 2033 1786 2106 lichenum
1810 2047 1961 2105 crustam

603 2154 638 2212 et
665 2139 740 2210 haec
767 2143 917 2212 vicissim
946 2143 980 2209 in
1007 2144 1120 2229 ipsum
1149 2141 1294 2228 lapidem
1321 2163 1484 2212 exercere
1510 2139 1620 2213 soleat
1645 2143 1780 2225 egregie
1808 2139 1961 2228 disputat

486 2269 492 2280 ·
602 2243 694 2317 idem
712 2247 880 2317 Musaeus
900 2245 920 2314 l.
941 2269 971 2318 e.
988 2272 1019 2334 p.
1039 2249 1088 2318 66.
1108 2269 1180 2334 sqq.
1221 2248 1351 2318 Mirum
1370 2261 1510 2320 estnon
1528 2249 1636 2342 ipsam
1658 2261 1780 2319 ortrstae
1802 2257 1960 2318 naturam

601 2352 696 2422 ferro
720 2353 827 2438 tingi,
847 2375 967 2424 rerum
989 2352 1098 2424 solam
1120 2351 1195 2436 ejus
1218 2353 1443 2441 superficiem.
1485 2355 1525 2422 ln
1550 2357 1677 2426 nostris
1701 2353 1845 2441 Alpibus
1870 2373 1960 2422 non·

603 2457 669 2528 nisi
694 2460 730 2528 in
753 2463 885 2528 &oden
907 2465 1114 2546 geographico
1141 2458 1320 2542 apothecis
1345 2459 1436 2530 ferro
1464 2463 1571 2530 tincta
1597 2473 1628 2529 et
1656 2458 1846 2532 deformata
1868 2457 1959 2540 vidi,

603 2563 762 2636 eSueeia
776 2587 858 2636 vero
876 2562 917 2634 cl.
935 2565 1040 2634 Fures
1059 2566 1247 2651 specimina
1260 2567 1352 2636 misit
1366 2572 1491 2636 Leudcae
1506 2571 1689 2654 hydropbttae
1703 2569 1843 2652 oxydctae
1857 2564 1958 2645 cuins

603 2668 784 2756 apothecis
804 2693 874 2740 non
897 2673 1009 2741 minus
1031 2694 1132 2758 quam
1154 2673 1229 2758 ipsa
1249 2687 1366 2742 crusta
1386 2672 1466 2742 ferri
1488 2673 1557 2762 vim
1577 2681 1718 2758 experta
1737 2681 1826 2740 sunt

520 2783 550 2846 3.
573 2776 661 2847 Cum
682 2779 843 2845 varietate
863 2786 976 2844 ateriae
996 2799 1040 2846 ne
1063 2777 1252 2848 confundas
1272 2799 1355 2848 cave
1369 2783 1532 2848 desideum
1543 2793 1730 2863 permotam
1753 2788 1871 2849 crusta
1892 2797 1958 2846 sua

603 2882 784 2962 orbatam3
813 2879 926 2950 differt
956 2882 1143 2968 apotheciis
1175 2877 1358 2968 solitariis,
1386 2879 1683 2976 superficialibus,
1720 2881 1763 2952 ad
1792 2882 1956 2952 ambitum

603 2990 724 3059 subtus
746 2985 877 3072 liberis,
900 2990 1118 3075 margineque
1141 2991 1308 3060 crassiore
1328 3001 1364 3060 et
1383 2989 1526 3073 integro.

404 3249 413 3267 ·
522 3205 721 3280 LECIDEA
751 3221 921 3294 tartarea,
951 3209 1137 3296 rimulosa,
1166 3207 1372 3296 fuliginosas
1399 3205 1585 3298 apotheciis
1606 3207 1796 3292 immersis,
1826 3202 1955 3292 planis,

530 3387 533 3396 ,
604 3315 709 3400 atris,
730 3317 794 3388 sub
816 3315 942 3385 lamina
962 3315 1056 3387 albis.
1084 3387 1088 3399 ,
1825 3339 1830 3348 ’

508 3423 649 3490 tectum
670 3429 767 3512 lugeo,
788 3423 901 3494 Acts?
924 3429 995 3514 Syn.
1013 3447 1046 3509 p.
1067 3423 1118 3494 db

517 3531 598 3596 Hob.
621 3526 665 3598 ad
686 3550 773 3599 saxa
793 3530 969 3613 micaoea3
990 3530 1084 3600 mtsit
1103 3525 1308 3598 Schleicher.

516 3633 620 3704 Duo.
644 3639 771 3704 mauro
789 3634 940 3719 effusus,
960 3647 1150 3718 tartareus,
1172 3633 1441 3719 crassiusculus,
1463 3631 1654 3720 aeqrmbilis,
1676 3631 1807 3704 rimulis
1825 3631 1955 3704 murds-

494 3770 509 3787 ·
598 3741 694 3810 simis
715 3739 913 3824 diffractos,
939 3737 1154 3826 fuliginosus.
1195 3746 1367 3828 Apotbecto
1387 3741 1470 3810 satis
1491 3742 1644 3824 minuta,
1666 3741 1790 3810 crustae
1812 3739 1953 3808 omnino

597 3843 779 3929 immersa,
807 3847 988 3932 superficie
1012 3868 1076 3917 sua
1098 3867 1176 3918 eam
1200 3849 1387 3932 aequantia,
1412 3843 1532 3931 plana,
1559 3847 1712 3928 margine
1732 3845 1793 3914 vix
1817 3844 1955 3927 conspi-

599 3953 818 4035 eustratius
841 3949 1008 4022 tumidula
1026 3965 1061 4022 et
1086 3973 1263 4036 convexa,
1285 3964 1382 4032 atra,
1401 3949 1465 4020 sub
1487 3946 1612 4020 lamina
1631 3948 1716 4020 alba.
1757 3949 1952 4034 Descriptio

597 4055 807 4130 adonicum
828 4059 1002 4144 specimen
1023 4055 1126 4128 facta

409 4199 410 4204 =
521 4167 586 4232 Oba.
609 4166 691 4238 Mea
709 4165 827 4252 planta
844 4162 927 4236 mihi
946 4161 1046 4233 valde
1067 4159 1189 4244 dubia,
1212 4164 1456 4232 denumerans
1476 4159 1569 4230 misit
1586 4157 1629 4229 cl
1647 4159 1772 4242 Feras,
1794 4169 1952 4230 anostm

598 4269 734 4342 differt:
758 4284 876 4342 crusta
896 4271 1069 4352 tenuiore,
1091 4267 1279 4356 apotheeiis
1299 4265 1568 4354 superficialibus
1587 4263 1649 4336 sed
1670 4277 1793 4334 crustae
1812 4263 1954 4351 adpres-

596 4380 666 4459 sis,
694 4375 766 4448 aliis
792 4373 903 4463 planis
924 4377 1146 4460 marginatis,
1174 4373 1248 4444 aliis
1276 4373 1439 4442 convexis
1460 4385 1493 4440 et
1512 4371 1783 4456 immerginatir,
1812 4371 1896 4466 atris
1919 4381 1955 4439 et

596 4486 794 4570 atro-ruiis,
824 4483 949 4554 lamina
976 4483 1144 4553 crassiore
1166 4481 1257 4549 intus
1281 4490 1361 4550 atra.
1404 4473 1461 4546 Ex
1481 4476 1621 4548 dirersis
1648 4482 1814 4544 Germania
1834 4475 1953 4546 tracti-

596 4589 662 4660 bus
683 4587 787 4660 alium
808 4599 910 4676 atquc
929 4585 1034 4658 ahum
1057 4584 1227 4659 lichenem
1246 4584 1311 4656 sub
1332 4581 1402 4654 hoc
1421 4581 1560 4652 nomine
1579 4582 1707 4667 accepi.

303 4811 500 4890 We.
512 4799 713 4874 tuomst
734 4813 899 4888 tartarea,
924 4799 1070 4888 diffusa,
1092 4791 1426 4879 rimoso-areolam,
1447 4793 1660 4877 armeniacar
1680 4787 1869 4878 apotheciis
1891 4811 1951 4860 sn.

595 4905 845 4996 subcinitur,
868 4913 973 4996 auis,
995 4909 1086 4980 intus
1108 4903 1202 4978 utta
1243 4899 1340 4975 Lich.
1363 4920 1435 4972 eas.
1456 4899 1508 4970 n.⁰
1528 4904 1598 4971 tss.
