4510 5516
953 337 1055 382 ·.····
1693 325 1735 382 111

309 522 403 616 post
424 504 594 584 auctoris
620 523 767 582 nomen
784 497 965 606 apposito
991 493 1136 578 notari.
1172 493 1306 572 icones
1327 491 1464 574 citatas
1490 517 1624 580 omnes
1651 497 1735 606 ips'e

308 657 406 712 cum
436 624 717 735 speciminibus
755 623 850 702 meis
886 619 1132 730 comparavi,
1156 618 1324 723 exceptis
1347 617 1414 711 iis,
1440 622 1605 726 quaein
1628 623 1735 700 Actis

313 750 433 834 Acad.
455 754 544 858 Reg.
561 750 702 828 Scient.
727 745 882 826 Stoclth
906 743 953 824 cl.
970 743 1140 822 achario
1163 760 1323 820 auctore
1338 759 1490 837 extant,
1507 745 1617 826 bunc
1633 748 1741 824 enim

316 875 465 956 librum
491 871 727 981 inspiciendi
750 896 959 976 nunquam
978 867 1078 945 mihi
1098 865 1212 972 copia
1229 867 1317 944 fuit
1366 870 1551 950 leonibus
1572 873 1738 978 igiturn

317 1022 381 1076 me
406 1025 489 1079 non
510 997 600 1076 visis
620 996 894 1076 auctoritatem
914 990 1071 1084 addidi,
1096 987 1208 1094 cujus
1236 989 1316 1067 lide
1341 1017 1405 1070 eas
1428 993 1589 1072 citavi.”
1702 999 1706 1008 '

414 1199 625 1300 Specierum
649 1195 886 1302 dfferentias
916 1212 1034 1268 novas
1064 1185 1232 1281 tentavi,
1261 1191 1427 1268 Linnaei
1451 1189 1580 1298 leges,
1616 1192 1736 1296 hodie

318 1319 420 1422 justo
440 1319 571 1396 minus
596 1315 833 1404 observatas,
855 1339 930 1419 pro
950 1312 1100 1389 viribus
1125 1329 1290 1390 secutus.
1339 1317 1638 1418 Descriptiones,
1662 1343 1736 1424 pro

319 1440 512 1546 cujusque
531 1441 682 1546 generis
701 1454 861 1526 natura,
886 1436 947 1512 vel
965 1435 1163 1513 breviores
1185 1435 1247 1512 vel
1269 1433 1465 1542 longiores
1488 1439 1596 1532 dedi,
1614 1441 1735 1519 inter·

315 1565 477 1642 dumet
500 1564 672 1642 alio'rum
685 1563 924 1667 scriptorum
947 1581 1043 1664 prae
1063 1558 1202 1634 ceteris
1217 1549 1318 1652 mihi
1335 1560 1521 1665 probatas
1540 1561 1739 1670 subjunxi.

323 1693 516 1768 Terminos
536 1693 634 1766 aas
654 1709 797 1790 augere
824 1681 1040 1773 abhorrui,
1062 1697 1102 1758 et
1126 1684 1414 1794 recentioribus
1437 1685 1621 1790 pluribus
1644 1690 1741 1766 olim

323 1813 485 1918 usitatos
510 1807 693 1914 praetuli

424 2012 576 2090 Genera
598 2004 756 2082 nonnisi
781 2004 935 2110 organis
958 1992 1299 2092 fructificationis,
1325 2029 1428 2108 quse
1453 2012 1652 2108 apothecia
1673 2011 1743 2088 ho.

326 2133 392 2210 die
409 2129 603 2217 audiunt,
626 2127 886 2233 superstruxi,
903 2123 1195 2203 characteribus
1214 2124 1265 2200 ab
1284 2143 1444 2204 externa
1459 2126 1588 2205 solum
1604 2156 1742 2210 eorum

318 2273 522 2334 structura
543 2249 753 2341 desumtis,
770 2250 946 2355 neglecta
966 2247 1255 2328 inflorescentia
1269 2249 1331 2325 vel
1350 2248 1650 2354 apotheciorum
1665 2255 1745 2332 situ

321 2397 366 2454 at
384 2404 506 2466 nexu,
533 2397 636 2478 quae
659 2372 905 2448 eduliorum
926 2371 1155 2478 plantarum
1176 2395 1358 2448 normam
1379 2374 1480 2451 etin
1504 2373 1580 2452 hoc
1604 2375 1745 2453 ordine

325 2485 462 2606 generi
485 2496 695 2574 divisiones
714 2495 846 2600 potius
864 2496 1071 2602 praebere,
1097 2520 1219 2600 quam
1238 2493 1321 2600 ipsa
1343 2521 1486 2602 genera
1510 2499 1746 2580 constituere

326 2624 484 2702 debent.

428 2789 704 2867 Nominatum
731 2806 919 2888 generum
945 2797 1031 2860 tum
1055 2781 1295 2890 specierum,
1330 2800 1526 2892 quantum
1552 2783 1747 2866 hodierna

328 2914 513 2991 scientiae
539 2906 716 2986 conditio
741 2905 913 2997 admisit,
936 2907 1057 3011 primi
1080 2931 1234 3013 semper
1256 2908 1459 3014 scriptoris
1481 2911 1649 3001 servavi,
1679 2911 1750 3018 igi-

329 3041 476 3132 turque
494 3049 532 3106 et
556 3030 663 3108 illae
690 3029 974 3109 recentioribus
991 3046 1148 3137 praeter
1169 3031 1435 3110 necessitatem
1462 3048 1502 3109 et
1526 3030 1670 3138 injuste
1691 3062 1750 3116 re-

331 3167 436 3226 mota
461 3154 622 3230 restitui.

431 3299 554 3398 Locos
590 3321 738 3396 natales
767 3317 822 3392 ita
851 3314 1031 3409 exhibui,
1060 3331 1107 3396 ut
1125 3316 1385 3422 geographica
1416 3316 1510 3410 inde
1533 3319 1754 3402 Lichenum

334 3439 560 3518 distributio
589 3441 732 3518 clarius
756 3439 957 3517 elucescat

432 3637 618 3716 Eruenda
629 3644 853 3735 scriptorum
869 3636 1098 3740 synonymis
1116 3663 1296 3742 magnam
1310 3635 1488 3742 impendi
1509 3663 1687 3744 operam,
1702 3670 1752 3720 ne

335 3761 512 3866 neglecta
529 3760 600 3836 ista
612 3756 734 3836 studii
753 3757 928 3834 botanici
942 3775 1056 3862 parte
1071 3785 1173 3836 nova
1197 3785 1351 3868 semper
1375 3755 1754 3844 oriatvm'nominum

336 3879 535 3980 confusi03
549 3905 680 3988 neque
693 3881 841 3986 exiguis
862 3879 914 3958 ad
933 3905 979 3958 ea
997 3880 1224 3960 extricando
1241 3884 1418 3962 munitus
1436 3910 1524 3962 sum
1538 3887 1757 3992 praesidiis·

332 4097 344 4108 “
420 4081 593 4158 ¹Dz'llent'i
613 4099 652 4158 et
683 4081 843 4158 Lr'rznaei
868 4101 1087 4184 synonyma
1117 4079 1346 4184 praesertim
1367 4082 1603 4158 accuratiori
1633 4080 1758 4159 debeo

338 4201 451 4288 will.
477 4202 634 4279 Borreri
660 4201 777 4307 Angli
795 4199 950 4291 studio,
973 4189 1065 4305 qui,
1084 4227 1158 4307 pro
1178 4203 1319 4280 eximia
1345 4204 1478 4281 suain
1505 4229 1568 4279 me
1591 4204 1760 4283 benevo-

335 4325 482 4414 lentia,
509 4322 701 4401 collatisa
724 4350 765 4404 se
788 4323 872 4429 ipso
896 4321 1059 4401 illorum
1087 4323 1264 4421 virorum
1292 4325 1506 4418 herbariis,
1532 4319 1699 4408 ⁴suarum
1717 4331 1759 4406 in

340 4468 384 4521 ea
404 4446 722 4525 observationum
739 4448 973 4555 participem
995 4471 1057 4522 me
1078 4445 1181 4524 fecit.

414 4638 589 4752 &uadem
599 4641 827 4722 liberalitati
842 4643 966 4721 debeo
977 4641 1196 4720 Lichenum
1210 4642 1340 4721 icones
1352 4670 1454 4750 qaae
1467 4662 1600 4724 extant
1612 4649 1653 4726 in
1662 4653 1763 4756 Eng-

342 4773 585 4876 lishBotany,
596 4793 762 4846 numero
775 4785 971 4846 trecentae
984 4767 1200 4872 nonaginta
1215 4783 1302 4857 tres,
1316 4785 1519 4873 praeterea
1539 4761 1763 4875 castigatam

344 4890 463 4993 hujus
480 4894 608 4998 operis
621 4891 906 4998 synonymiam,
921 4917 994 4967 nec
1014 4917 1097 4968 non
1118 4918 1301 4996 magnam
1315 4890 1536 4970 Lichenum
1557 4895 1765 4971 missorum

345 5018 519 5120 copiam,
542 5013 717 5123 denique
741 5031 940 5122 exoptatae
958 5013 1101 5093 multas
1122 5015 1407 5094 observationes
1432 5017 1477 5097 in
1494 5015 1669 5096 lichenes
1689 5019 1766 5124 ipsi

346 5165 368 5212 a
387 5165 450 5216 me
471 5165 614 5220 missos.
