4460 5520
537 355 606 426 122

531 621 536 632 ⁵
614 543 650 609 in
681 540 786 628 priori
822 540 935 626 specie
968 539 1178 610 brevioribus
1213 551 1247 610 et
1277 537 1510 624 tenuioribus,
1550 539 1743 628 arctiusque
1782 544 1964 630 congestis.

613 645 815 730 Superlicies
841 668 861 713 a
884 648 1054 728 congestis
1077 645 1214 716 ramulis
1245 647 1368 716 inflatis
1395 649 1588 732 pulvinata,
1616 649 1796 734 pulvinulis
1821 675 1966 738 rugoso-

612 751 745 838 plicatis
770 765 804 844 et
821 750 989 842 glebosis,
1012 751 1155 836 glebulis
1176 752 1408 836 difformibus,
1432 753 1541 838 laxisq
1566 751 1665 846 color
1683 754 1778 828 albus
1799 757 1854 825 vel
1874 760 1965 828 cine·

611 881 707 938 reus,
734 881 813 930 cum
838 861 970 942 nitore,
1002 873 1121 940 natura
1146 858 1385 944 cartilaginea,
1413 859 1518 942 dura,
1547 863 1744 932 humectata
1769 861 1830 933 vix
1856 863 1966 934 ernol-

610 964 721 1034 licnda
745 980 779 1035 et
802 965 955 1035 colorem
982 966 1144 1058 tenaciter
1170 987 1319 1035 servans.
1362 965 1433 1035 illis
1462 964 1604 1048 glebulis
1632 975 1792 1054 oporbea'o
1818 969 1967 1039 insident

609 1073 729 1140 subtus
755 1072 798 1140 ad
819 1075 984 1158 ambitum
1010 1071 1209 1156 plerumque
1230 1072 1363 1166 libera,
1380 1073 1674 1158 frequentissima,
1698 1076 1850 1159 minuta,
1874 1097 1965 1146 mar·

608 1178 742 1260 ginata,
770 1173 954 1262 saepissime
982 1176 1081 1263 plura
1111 1191 1333 1262 coacervata,
1363 1180 1489 1264 absque
1518 1177 1587 1247 ulla
1614 1181 1735 1264 pruina
1769 1193 1869 1266 atra3
1898 1184 1963 1252 sub

606 1279 733 1350 lamina
755 1280 847 1366 alba,
869 1295 1014 1352 stratum
1038 1285 1286 1354 carbonaceum
1306 1283 1439 1354 nullum
1461 1287 1608 1355 invenio·
1640 1369 1644 1376 ι

532 1394 597 1456 ocr.
625 1389 680 1459 Ab
705 1387 773 1457 hoc
795 1401 915 1482 nostro
935 1387 1069 1461 lichene
1089 1393 1228 1460 minime
1251 1389 1422 1460 diversum
1452 1390 1556 1460 eredo
1578 1394 1736 1458 Locideam
1761 1399 1963 1460 aromaticam

609 1494 727 1564 Tuurt.
750 1501 784 1561 in
808 1499 916 1563 Trans.
939 1502 1031 1564 Lina.
1055 1503 1117 1565 IX.
1134 1495 1177 1584 p.
1197 1498 1266 1565 tto.
1289 1513 1314 1564 t.
1339 1506 1388 1565 11.
1400 1501 1436 1580 f.
1461 1499 1489 1564 1.
1512 1497 1603 1565 Acir.
1634 1501 1721 1562 Unio.
1737 1521 1772 1582 p.
1795 1499 1960 1584 16818911.

603 1625 638 1686 p.
665 1611 714 1674 19.
739 1605 896 1668 Liclrrnem
917 1611 1117 1671 aromaticum
1138 1603 1254 1672 surra
1276 1608 1363 1684 Engl.
1390 1609 1457 1668 lior.
1478 1618 1502 1670 1.
1525 1603 1616 1676 1177.
1659 1599 1745 1668 Icon
1764 1614 1907 1688 utraque
1925 1603 1961 1671 in

606 1719 762 1776 nostrum
788 1705 955 1776 lichenem
980 1709 1064 1777 benc
1086 1707 1251 1794 quadrat,
1281 1719 1403 1793 praeter
1429 1705 1580 1776 colorem
1602 1705 1767 1790 viridem,
1796 1729 1906 1794 neque
1926 1711 1962 1778 in

607 1812 752 1882 frustulo
773 1816 952 1882 masticato
972 1816 1167 1898 speciminis
1186 1837 1206 1882 a
1228 1812 1272 1882 cl.
1294 1813 1469 1883 Bonnuao
1494 1815 1637 1898 benigne
1659 1816 1840 1885 nobiscum
1865 1837 1960 1884 com·

607 1921 770 1990 municati
793 1918 898 1988 ullum
920 1922 1010 1990 sensi
1032 1942 1202 2005 saporem.

315 2111 453 2166 cinereo·
525 2099 725 2172 LECIDEA
749 2098 1042 2185 rugoso-plicata,
1070 2097 1266 2186 pulvinata,
1291 2097 1545 2182 cinereo-rula3
1568 2097 1757 2185 apotheciis
1779 2093 1960 2179 solitariis,

346 2200 437 2274 msa·
608 2221 708 2278 extus
731 2209 887 2290 intusque
909 2207 999 2275 atris.

522 2319 603 2384 Hab.
627 2311 670 2382 ad
691 2334 777 2381 saxa
798 2314 963 2396 granitica
984 2313 1020 2382 in
1041 2335 1085 2380 m.
1113 2317 1250 2380 Grimrel.

522 2425 625 2490 veser.
649 2423 774 2488 Thallus
794 2418 898 2503 priori
918 2415 1030 2503 quoad
1052 2416 1207 2486 habitum
1235 2414 1374 2500 similis,
1401 2413 1461 2485 sed
1483 2427 1604 2486 natura
1624 2427 1787 2500 tartarea,
1809 2433 1959 2503 nequeo

529 2540 534 2546 '
606 2511 783 2595 cauliculis
806 2525 994 2606 formatur,
1018 2545 1137 2592 verum
1158 2542 1177 2591 e
1197 2521 1381 2608 squamulis
1399 2525 1554 2606 exiguis,
1576 2521 1808 2606 difformibus,
1829 2527 1863 2591 ln
1881 2521 1959 2608 pul·

602 2630 738 2701 vinulos
756 2628 1046 2717 rugoso-plicatos
1068 2633 1260 2715 congestis,
1284 2631 1405 2716 quibus
1427 2631 1624 2714 superficies
1647 2643 1699 2699 est
1716 2633 1824 2714 magis
1844 2650 1957 2715 acqua-

602 2738 677 2809 bilis
699 2750 732 2809 et
754 2737 918 2814 diffracta.
961 2736 1067 2807 Color
1095 2737 1370 2808 cinereo-rufus.
1414 2743 1583 2823 Apothecta
1607 2735 1788 2822 pulvinulis
1809 2733 1957 2806 insident

602 2831 772 2926 solitaria,
802 2845 951 2927 minuta,
978 2841 1097 2928 plana,
1122 2845 1273 2928 margine
1296 2844 1527 2928 prominente,
1553 2854 1654 2912 extus
1679 2845 1836 2927 intusque
1860 2853 1957 2922 11111

491 2945 498 2961 ’
604 2973 672 3038 qua
692 2947 811 3018 ultima
830 2961 912 3018 nota
934 2971 955 3018 a
974 2948 1176 3034 precedenti
1198 2962 1230 3019 et
1248 2953 1402 3035 sequenti
1424 2950 1539 3033 specie
1562 2948 1663 3018 facile
1684 2948 1915 3032 distinguitur.

525 3063 593 3126 obs.
617 3055 774 3128 Eundem
796 3053 966 3129 lichenem
987 3075 1032 3126 cx
1055 3061 1163 3126 Silrsic
1182 3059 1299 3142 accepi
1321 3059 1521 3141 inscriptum
1546 3061 1666 3123 Lecidea
1686 3060 1878 3124 bodio-atro.
1898 3053 1953 3124 Fr..

520 3234 720 3311 LECIDEA
741 3237 1030 3328 rugoso-plicata,
1053 3235 1239 3324 squamulis
1260 3236 1403 3321 Iobatis,
1424 3237 1459 3304 in
1480 3237 1630 3306 crustam
1649 3231 1955 3304 dill'raeto-areola-

571 3376 576 3385 ·
604 3360 671 3417 tarn
697 3345 1329 3429 1111111111,1111111-1111111111111ς
1354 3341 1542 3428 apotheciis
1567 3339 1836 3423 confluentibus,
1862 3342 1954 3408 atris.

601 3456 700 3523 Lioh.
724 3471 799 3522 exs.
821 3454 961 3543 n.⁰170.

518 3567 631 3632 Lr'clren
652 3567 819 3650 squalidus.
841 3557 949 3628 Sene!
973 3562 1020 3625 Pl.
1042 3561 1140 3646 crypt.
1163 3561 1243 3628 belo.
1268 3563 1330 3627 ΙΙΙ.
1353 3559 1398 3626 11.ο
1419 3561 1472 3628 ts.
1569 3615 1577 3627 ,
1673 3603 1676 3610 -

518 3673 646 3738 chideu
665 3674 818 3756 squalido.
839 3669 933 3736 Acar.
961 3669 1050 3734 Unio.
1065 3689 1101 3753 p.
1127 3667 1195 3739 169.
1222 3675 1296 3753 Syn.
1312 3688 1347 3750 p.
1371 3672 1422 3740 19.

519 3779 601 3844 llob.
624 3774 666 3844 ad
689 3797 775 3844 saxa
798 3778 890 3845 tenui
910 3790 999 3845 terra
1021 3786 1111 3843 tecta
1133 3774 1167 3840 in
1185 3771 1356 3840 montibus
1378 3775 1484 3838 Surrrn
1507 3782 1541 3837 et
1569 3772 1713 3849 etrusci,
1734 3763 1800 3854 legi
1820 3785 1953 3851 quoque

597 3884 632 3950 in
653 3887 822 3968 Hercynia,
844 3903 890 3950 en
915 3881 1132 3994 cottiabmisit
1154 3878 1196 3947 cl.
1219 3879 1407 3947 Moucnor.
1974 3955 1977 3960 ¹

518 3993 619 4060 uero.
649 3985 876 4058 Praenultimae
903 3989 1014 4072 primo
1035 3985 1199 4072 adspectu
1220 3985 1400 4070 proxima3
1427 3993 1539 4050 tamen
1562 3979 1658 4048 aliter
1682 3979 1851 4061 formataa
1882 3998 1952 4046 non

599 4097 689 4165 enim
715 4119 760 4164 ex
786 4095 909 4164 erectis
935 4092 1102 4176 surculis,
1122 4096 1239 4160 thallus
1264 4090 1454 4174 conflatur,
1474 4108 1592 4156 verum
1613 4107 1632 4154 1
1651 4083 1835 4170 squamulis
1854 4095 1951 4152 terrae
1998 4143 2002 4150 .

597 4205 766 4284 instratis,
784 4201 926 4286 lobatis,
943 4204 978 4270 in
995 4201 1166 4286 caespitem
1183 4193 1545 4268 diffracto-areolatum
1565 4191 1747 4274 confertis3
1764 4185 1949 4274 squamulae

597 4313 718 4395 sapius
741 4309 825 4378 adeo
847 4312 984 4378 minutae
1004 4309 1134 4394 sibique
1156 4305 1422 4390 approximate,
1446 4313 1484 4371 ut
1501 4301 1645 4385 cuspius
1665 4299 1863 4383 superlicies
1880 4318 1952 4366 non

597 4413 708 4486 solum
737 4415 1026 4500 rugoso-plicata,
1051 4435 1171 4482 verum
1196 4409 1381 4494 granulosa
1406 4407 1572 4476 videatur.
1616 4411 1785 4494 Apotlneio
1808 4426 1879 4474 non
1902 4403 1952 4470 uti

529 4573 533 4580 -
598 4524 634 4592 in
660 4522 718 4592 illa
740 4545 799 4607 per
827 4543 963 4592 omnem
993 4519 1087 4590 thalli
1110 4518 1326 4605 superficiem
1353 4527 1577 4601 sparguntur,
1607 4511 1667 4582 scd
1695 4507 1838 4592 singulis
1861 4508 1949 4578 locis

599 4631 827 4715 frequentiora
848 4632 884 4698 in
905 4626 1057 4698 maculas
1077 4627 1254 4696 confluunt
1274 4621 1501 4704 orbiculatam
1524 4630 1674 4688 ceterum
1698 4617 1948 4698 minuiscunt,

597 4736 783 4824 squamulis
813 4750 907 4807 arcte
933 4735 1112 4822 adpressa‚
1135 4733 1275 4814 juniora
1303 4741 1338 4799 et
1364 4727 1515 4799 solitaria
1542 4723 1643 4812 plana
1669 4743 1711 4791 ac
1736 4725 1950 4807 marginatas

597 4843 695 4914 color
717 4865 835 4914 eorum
859 4857 952 4929 ater,
975 4845 1102 4928 absque
1124 4839 1264 4927 pruina,
1287 4837 1351 4910 sub
1378 4833 1504 4906 lamina
1525 4829 1624 4916 alba;
1653 4841 1798 4903 stratum
1827 4829 1950 4900 carbo·

594 4971 740 5022 ncceutn
760 4949 901 5024 nullum.
