4510 5516
962 426 1108 462 msa·
1702 400 1749 474 63

403 599 473 659 tata
493 608 538 657 cx
563 585 656 657 luteo
680 587 842 669 virescit3
864 585 1036 654 brunneus
1066 597 1178 654 tamen
1206 582 1326 667 color,
1353 584 1411 655 ubi
1438 586 1585 686 senescit
1613 584 1749 672 planta,

399 694 650 772 obscurioris,
670 691 806 762 tandem
824 691 976 784 rufescie.
999 693 1126 773 Pagina
1144 709 1263 760 aversa
1276 691 1372 776 alba,
1389 691 1551 761 radiculis
1570 692 1751 778 destituta,
1875 771 1878 780 Δ

400 812 556 868 naturam
586 799 689 869 habet
715 797 814 882 plane
841 811 1065 868 crustaceam.
1109 805 1277 884 Apothecia
1307 810 1426 865 contra
1453 803 1586 880 generis
1617 821 1750 867 morem
1787 846 1790 852 -
1818 819 1819 824 ¹

399 909 435 974 in
457 917 563 974 strato
582 907 736 973 oriuntur
751 907 911 990 gonimo,
937 918 1066 972 etcum
1086 903 1155 973 hoc
1171 906 1245 989 ipso
1263 906 1297 971 in
1316 903 1616 987 infragonimicum
1639 902 1753 989 depri-

283 1027 289 1056 ⁵
399 1024 558 1092 muntur,
581 1010 671 1078 unde
692 1011 726 1078 in
750 1010 870 1079 ceteris
891 1013 1068 1095 speciebus
1092 1007 1236 1078 oriunda
1253 1021 1355 1094 sunt·
1373 1017 1484 1076 ostiolo
1506 1031 1568 1094 pro
1590 1009 1750 1095 planculae

397 1115 629 1200 magnitudine
654 1118 747 1184 etin
775 1117 867 1185 omni
894 1137 1018 1226 genere
1043 1119 1217 1198 maxima,
1246 1117 1285 1184 in
1313 1114 1455 1199 singulis
1484 1114 1670 1200 squamulis
1696 1115 1750 1184 vel

399 1221 520 1292 areolis
538 1221 656 1308 plura,
677 1219 846 1290 interdum
866 1246 966 1292 omne
985 1223 1055 1292 fere
1076 1225 1223 1308 spatium
1243 1243 1361 1292 earum
1384 1223 1550 1305 tegentia,
1571 1219 1750 1307 depressa,
1809 1301 1815 1306 ,

331 1365 336 1372 ·
397 1326 597 1415 explanata,
619 1327 806 1398 rufofusca.

697 1573 1378 1610 ψ

429 1855 1190 2040 stnnvurrouns
1242 1861 1642 2030 CRITICAE
1751 1887 1759 1890 ·

920 2127 1052 2188 ,ΙΝ

319 2295 510 2414 quaedam
567 2297 809 2384 Euboeam
862 2297 915 2382 ab
967 2298 1146 2385 Acuanro
1197 2299 1241 2383 iu
1295 2297 1480 2414 Syuopsi
1529 2299 1752 2400 lichenum
1856 2419 1859 2424 Δ

909 2458 1156 2522 enumerata

756 2681 1329 2716 *-

321 2873 350 2933 1.
385 2867 676 2932 ENDOOARPON
688 2871 864 2950 tcpluoider.
884 2866 975 2936 Acu.
996 2871 1068 2953 Syn.
1082 2889 1116 2954 p·
1129 2876 1180 2939 98.
1197 2861 1239 2936 ad
1261 2871 1452 2933 Vertumnus
1466 2857 1599 2948 refero,
1614 2874 1753 2949 propter

401 2969 580 3056 apothecis
597 2991 739 3056 cornea,
759 2974 831 3042 basi
846 2972 958 3042 solum
973 2970 1077 3043 [hallo
1092 2974 1225 3055 innata,
1244 2983 1278 3040 et
1293 2971 1450 3056 profecta
1465 2982 1562 3042 ceute
1580 2969 1752 3040 elabentis.

320 3083 351 3144 2.
385 3079 892 3164 ENDOCARPOanrasiticum.
907 3081 998 3147 Acer.
1018 3084 1089 3164 Syn.
1101 3086 1216 3164 p.100.
1231 3077 1368 3146 Scotica
1382 3099 1455 3161 quae
1467 3075 1627 3160 possideo
1644 3079 1754 3161 speci·

401 3183 514 3266 mina,
532 3181 609 3250 acl.
626 3184 706 3252 viris
723 3175 900 3256 Hoourno
919 3196 954 3251 et
968 3184 1143 3254 Bonnsuo
1163 3184 1306 3266 benigne
1323 3203 1460 3252 mecum
1479 3184 1752 3278 communicata,

400 3287 587 3371 vegetabile
607 3288 690 3358 mihi
712 3291 888 3358 offerunt
878 3313 914 3358 ιιι
936 3295 1091 3358 Parmelia
1110 3294 1297 3376 omphalode
1312 3290 1555 3374 parasiticum,
1580 3294 1755 3376 Endocurpi

402 3393 544 3464 thallum
571 3393 785 3488 assimilans·
813 3395 1026 3480 corpusculis
1055 3394 1318 3480 (apotheosiss)
1348 3416 1430 3464 vero
1458 3395 1753 3480 superficialibus,

398 3497 573 3582 globosis,
596 3502 679 3569 atris
698 3478 739 3571 ab
764 3507 949 3586 Endocorpis
968 3501 1108 3571 recedit.

318 3612 349 3674 3,
394 3609 688 3673 ENDOCARPON
700 3611 810 3673 viride
833 3607 923 3674 Aen
944 3611 1017 3692 Syn.
1035 3630 1068 3688 ρ.
1088 3615 1157 3676 100.
1177 3607 1269 3678 conf.
1290 3608 1559 3678 observationem
1576 3627 1689 3676 meam
1709 3605 1754 3678 ad

264 3765 266 3770 .
402 3717 509 3793 Pelsig.
526 3727 732 3796 somatump.
755 3718 804 3778 13,

319 3818 350 3886 l.
393 3821 894 3905 ENDOOARPOpryHiscum.
920 3818 1011 3886 Asu.
1037 3824 1155 3904 εφη)
1157 3825 1252 3888 1.00.
1295 3815 1352 3886 Ad
1369 3817 1555 3902 specimina
1573 3841 1592 3888 a
1613 3839 1669 3886 me
1689 3818 1752 3888 sub

399 3925 537 3992 nomine
560 3927 638 3992 End
659 3926 840 4018 leptopbyui
866 3921 909 3992 ad
935 3922 977 3992 cl.
1002 3927 1094 3994 Aca.
1123 3926 1227 3994 missa
1253 3923 1457 4010 respoudit:
1483 3925 1575 4005 ‚Vix
1602 3925 1668 3993 nisi
1690 3926 1755 3990 ini-

404 4029 515 4109 „tium
536 4034 612 4098 End.
636 4032 787 4110 iredwigii
811 4050 872 4098 seu
890 4034 1031 4117 phyllisci
1053 4052 1127 4102 esse
1148 4030 1291 4102 videtur.
1335 4031 1447 4116 Ipse
1433 4054 1505 4114 Jam
1528 4052 1591 4116 pro
1610 4027 1754 4112 juvenili

320 4137 325 4148 “
404 4138 542 4213 „Endoc
565 4141 688 4202 oriniaci
709 4147 801 4204 statu
823 4133 942 4204 habeo.
955 4140 972 4176 “

319 4246 349 4308 5,
393 4241 687 4306 BNDOCARPON
703 4245 928 4322 Maiblenbergii
946 4258 976 4309 ct
994 4245 1148 4324 glaucum.
1182 4245 1275 4311 Acu.
1298 4248 1371 4328 Syn.
1389 4263 1426 4328 p.
1447 4248 1516 4308 101.
1539 4259 1585 4306 ex
1605 4235 1691 4308 datis
1714 4238 1754 4306 ab

331 4335 335 4340 ’
400 4348 567 4414 Acururo
589 4333 806 4428 diagnosibus
830 4349 871 4415 ab
893 4353 969 4413 End.
990 4331 1120 4414 loiniaco
1143 4349 1201 4416 vix
1225 4345 1468 4430 distinguendae
1491 4346 1632 4428 species.

322 4453 353 4522 6.
397 4455 694 4520 ENDOCARPON
704 4456 931 4548 leptopbyllum.
950 4454 1043 4546 Acis.
1067 4459 1140 4544 Syn.
1156 4479 1189 4540 p.
1209 4462 1280 4523 102.
1298 4454 1434 4540 propria
1449 4453 1580 4536 species
1596 4472 1616 4520 a
1630 4455 1758 4530 atiniaco

275 4593 281 4598 -
399 4555 558 4626 distincta
577 4558 636 4625 vix
658 4558 741 4638 erit,
765 4559 839 4640 ipso
863 4551 1031 4625 A'euuuo
1057 4564 1140 4626 teste
1161 4561 1196 4627 in
1217 4558 1334 4627 litteris
1357 4558 1400 4627 ad
1422 4578 1478 4624 me
1501 4558 1645 4640 scriptis.

322 4661 355 4732 7.
397 4667 687 4751 110100οΑ111)οΝ
707 4667 874 4758 cupiosum.
897 4663 990 4732 Aen.
1013 4686 1049 4746 p.
1074 4669 1143 4730 102.
1174 4664 1363 4754 secuudum
1389 4661 1522 4746 anglica
1546 4660 1757 4746 specimina,

402 4788 423 4834 a
441 4765 484 4834 cl.
502 4768 679 4839 Bonuuuo
699 4767 781 4838 mihi
800 4770 922 4851 missa,
941 4781 974 4836 et
992 4789 1072 4836 cum
1089 4769 1189 4836 icone
1207 4771 1241 4838 in
1261 4774 1348 4842 Aen.
1367 4773 1467 4836 Metu.
1486 4785 1511 4835 t.
1529 4769 1605 4850 ss
1626 4768 1656 4836 l.
1676 4767 1757 4835 satis

406 4879 641 4970 congruentia,
667 4879 726 4948 vix
742 4875 808 4946 uisi
826 4873 988 4960 pusillum
1009 4879 1085 4941 End.
1107 4881 1229 4944 miniati
1244 4886 1370 4944 statum
1390 4874 1501 4942 offert.
1546 4872 1759 4947 samurens-

404 5001 515 5054 amsa
539 4981 725 5078 specimina
751 4988 922 5068 Bndocorpi
935 4977 1101 5066 'Hecube
1123 4981 1273 5050 sormam
1297 4977 1468 5050 exhibent.
1591 5071 1594 5080 .

1239 5085 1309 5158 15*
