4510 5516
515 339 553 397 π
1165 349 1281 388 ...-

582 509 586 518 ’
613 500 1027 619 fflrlzartiplaittarton
1044 524 1410 624 cryptogamicortoa
1425 519 1744 631 undeviginti
1764 539 1938 633 quatuor

515 637 664 743 primae
680 637 909 718 conferendi
928 639 1029 716 mihi
1044 639 1157 746 copia
1171 639 1268 738 fuit3
1287 643 1353 719 cui
1371 643 1482 750 operi
1499 647 1713 724 maximum
1725 648 1819 726 inde
1832 677 1941 730 acce.

519 761 580 836 dit
598 761 789 866 pretium,
816 763 927 867 quod
950 763 1185 842 clarissimus
1203 779 1343 843 auctor
1366 773 1462 844 cum'
1478 767 1562 873 i'pso
1580 769 1779 863 Idnnaeo,
1803 774 1941 878 magia·

519 899 580 960 tro
597 909 687 976 ouo,
716 888 759 963 in
776 911 888 991 agroa
912 888 1105 976 excurrit,
1130 886 1240 964 unde
1261 887 1334 965 ieta
1352 888 1549 987 collectio,
1564 894 1734 1000 exceptio
1751 897 1940 1003 paucitai·

517 1007 590 1083 mis
612 1007 836 1113 speciebua,
857 1035 983 1116 purus
1005 1011 1119 1090 nobie
1144 1037 1459 1118 synonymorum
1477 1014 1642 1093 Linneei
1659 1015 1755 1094 sone.

618 1231 822 1308 Schraderi
840 1256 1002 1338 quoque
1033 1231 1173 1310 eximia
1199 1229 1403 1312 collectio:
1430 1239 1708 1340 systematuclte
1723 1239 1938 1350 Sauurhmg

517 1348 568 1428 ad
594 1377 733 1430 manua
754 1351 854 1430 mihi
874 1352 961 1431 fuit
1968 1407 1970 1412 ·

612 1548 677 1626 Ad
691 1550 924 1630 dariaaimoe
934 1549 1096 1630 Sueciae
1115 1550 1218 1628 cives
1229 1551 1467 1658 OlosSworn
1482 1555 1618 1633 etErr'l
1625 1557 1833 1636 Achnrt‘um
1845 1558 1936 1664 plue

514 1697 636 1776 quam
653 1671 963 1779 quadringentae
979 1672 1198 1755 Lichenum
1219 1673 1503 1753 helveticorum
1516 1677 1662 1782 apeciea
1678 1696 1718 1754 et
1731 1681 1936 1761 varietates

513 1795 621 1886 miei,
646 1794 791 1872 additia
808 1795 943 1880 multis
960 1797 1003 1871 in
1022 1821 1084 1873 eae
1106 1795 1349 1874 notiunculie
1369 1797 1473 1874 maie.
1504 1801 1701 1906 Responaa
1718 1799 1934 1894 dederunt,

512 1917 849 2022 priorDecembre
866 1923 969 2017 1817,
984 1917 1051 1994 hio
1067 1919 1197 2024 Aprili
1220 1921 1323 2020 1819.
1347 1922 1445 1996 lotae
1457 1921 1643 2025 epistolae
1658 1924 1796 2026 quenti
1814 1925 1933 2028 pretii

512 2038 613 2116 mihi
628 2040 724 2132 aiut,
755 2041 944 2120 versutior
964 2041 1133 2146 quicque
1151 2041 1194 2120 in
1208 2041 1265 2119 rei
1289 2039 1497 2120 herbariae
1518 2039 1681 2122 historie
1697 2043 1811 2122 facile
1827 2069 1933 2149 pera·

511 2163 642 2267 piciet.
1570 2189 1575 2199 ·

610 2359 730 2440 Haud
745 2363 930 2467 exiguum
946 2385 1067 2468 porro
1080 2360 1299 2440 lichenum
1316 2361 1599 2442 helveticorum
1618 2386 1828 2443 numerum
1844 2365 1932 2442 miei

510 2482 563 2560 ad
592 2483 639 2561 cl.
668 2487 722 2564 H.
750 2489 799 2570 G.
823 2489 983 2578 Florio,
1017 2486 1249 2565 Rottochiae
1276 2513 1385 2564 nunc
1416 2485 1699 2593 profusiorem
1738 2485 1928 2590 majorem

509 2609 559 2684 ab
586 2609 670 2714 ipro
692 2610 842 2716 accepi,
865 2627 1040 2716 ¹prueter
1064 2610 1337 2688 collectionem
1366 2637 1488 2715 quam
1514 2611 1558 2689 in
1583 2637 1699 2690 urum
1722 2613 1930 2718 publicum

507 2730 654 2822 edidit,
682 2757 785 2836 quae
814 2732 1001 2811 ducentae
1034 2733 1114 2837 jam
1141 2733 1361 2812 Lichenum
1387 2734 1533 2838 species
1558 2751 1597 2810 et
1623 2733 1827 2814 varietatee
1851 2765 1932 2817 am·

507 2854 706 2964 plectitur.
755 2856 861 2933 Huic
886 2857 996 2950 viro,
1031 2856 1142 2959 cujus
1165 2857 1432 2934 familiaritate
1462 2872 1501 2933 et
1528 2855 1700 2934 consiliio
1727 2858 1770 2934 in
1794 2859 1931 2936 Liche·

507 3004 607 3054 num
627 2977 759 3056 etudio
787 2979 883 3056 olim
901 2979 1073 3056 Berolini
1099 3005 1191 3056 urus
1206 3003 1295 3054 eum
1319 2993 1360 3052 et
1386 2980 1450 3054 cui
1472 2976 1679 3080 hucusque
1697 2983 1930 3059 commercio

503 3099 681 3178 literario
695 3083 935 3206 conjungor,
947 3128 1068 3206 quam
1078 3101 1263 3176 maximae
1276 3097 1402 3175 debeo
1413 3097 1555 3203 gratiae
1568 3114 1607 3174 et
1622 3097 1741 3192 debet
1756 3100 1930 3193 scientia,

505 3249 597 3300 cum
612 3221 810 3301 fluctuans
823 3249 1012 3328 generum
1029 3221 1208 3301 studium
1222 3221 1274 3299 ed
1288 3222 1472 3300 certiores
1489 3220 1641 3328 redegit
1652 3222 1770 3326 leget,
1784 3225 1930 3327 specie·

503 3373 595 3423 rum
617 3371 712 3424 vero
739 3345 1006 3450 cognitionem
1025 3373 1048 3422 a
1067 3346 1242 3424 naturali
1268 3347 1331 3423 via
1353 3343 1545 3422 deflexam
1568 3345 1775 3450 principiis
1808 3342 1929 3452 adep·

504 3471 599 3548 tavit
618 3494 666 3548 ex
684 3471 767 3577 ipsa
785 3493 919 3547 rerum
937 3486 1081 3547 natura
1103 3468 1300 3560 mutuatio.

598 3668 655 3747 Cl.
680 3669 730 3748 A.
760 3667 806 3742 P.
833 3666 1096 3754 DeCandolle,
1131 3665 1262 3742 denuo
1297 3679 1578 3770 recuperatum
1615 3663 1926 3772 prunedum,

498 3817 572 3898 pro
595 3815 665 3866 ana
689 3813 780 3892 erga
801 3811 865 3864 me
889 3787 1164 3865 benevolentia
1184 3787 1282 3864 mihi
1309 3789 1519 3878 concessit,
1536 3786 1769 3863 ditiosimum
1787 3784 1926 3861 herba·

499 3915 606 3990 rium
624 3937 741 3988 auum
760 3909 938 3987 evolvere
962 3927 1002 3984 et
1021 3913 1064 3986 in
1082 3937 1198 3990 usum
1219 3934 1351 3984 meum
1371 3924 1612 3996 convertere,
1639 3921 1834 4009 quantum
1857 3931 1925 3984 an·

497 4037 647 4141 guttim
669 4033 855 4140 temporie
877 4033 1050 4137 apetium
1070 4029 1170 4110 mihi
1190 4029 1378 4136 permisit
1428 4027 1592 4104 Illorum
1606 4051 1794 4132 generum
1807 4051 1924 4132 tyno-

500 4183 639 4264 nyma,
676 4181 779 4262 quae
803 4154 983 4234 conferre
1008 4152 1188 4232 nondum
1215 4147 1353 4257 potui,
1379 4149 1428 4227 de
1450 4148 1642 4227 industria
1666 4148 1800 4241 omisi,
1838 4173 1924 4256 ape·

497 4307 587 4358 rane
610 4279 713 4370 fore,
737 4293 781 4358 ut
801 4275 912 4353 breti
928 4293 1104 4384 tempore
1132 4277 1175 4350 in
1200 4275 1394 4352 illustrem
1423 4271 1533 4350 illam
1559 4273 1761 4350 Musarum
1789 4269 1921 4350 reden

495 4401 690 4480 redeundi
719 4401 869 4478 occasio
895 4395 995 4478 mihi
1020 4423 1101 4476 aeae
1125 4396 1272 4474 offerat

593 4599 780 4702 Denique
798 4595 845 4674 cl.
863 4597 967 4676 Leon
983 4595 1137 4700 Dusour
1153 4589 1205 4668 ad
1222 4589 1478 4698 Opegruphaa
1500 4589 1575 4696 ipai
1593 4585 1740 4678 mittat,
1762 4583 1920 4668 uotiuu-

494 4721 600 4800 culaa
621 4745 709 4802 suaa
728 4719 900 4824 benigne
927 4712 1416 4840 mecum-communicarit

953 5007 1429 5036 a*
