4460 5520
547 369 596 444 sl

545 563 649 629 Dercr.
675 565 800 631 llrollus
822 563 1021 647 coriaceus,
1043 566 1282 656 umbilicum,
1298 567 1677 652 juvenilisorbicularis
1698 571 1959 663 integriusculrus
1971 617 1982 661 ,

627 671 662 738 in
683 673 793 770 prima
816 685 912 740 aetate
941 675 1034 742 saxis
1062 663 1153 744 totus
1178 677 1383 763 adpressus;
1408 665 1556 746 adultior
1579 679 1719 762 erigitur
1743 679 1871 746 ambitu
1890 668 1984 766 'sadpe

625 776 785 872 rellexo,
807 778 902 870 ¹unde
935 779 1158 872 monophylla
1190 775 1319 866 planta
1335 781 1459 852 calathi
1488 779 1644 851 formam
1669 807 1738 850 non
1768 807 1845 851 raro
1876 784 1984 854 induit

588 911 591 921 ·
620 885 669 964 (t.
696 883 797 952 torf:
827 887 917 968 18.)·,
943 888 1086 956 mox-in
1114 887 1211 958 lobos
1236 890 1422 972 scinditur,
1449 911 1542 957 nunc
1571 891 1605 956 in
1635 890 1751 957 orbern
1779 889 1983 975 dispositos,

545 1045 552 1054 .
622 991 976 1088 nunc‘irrogplaritcr
1000 1013 1195 1078 expansos,
1221 997 1258 1064 in
1285 998 1500 1082 feracissimis
1529 997 1771 1081 speciminibus
1800 1000 1982 1082 sinuosos,

625 1093 815 1181 lohulisque
845 1101 985 1178 minutis
1013 1101 1211 1186 subpeltatis
1242 1102 1422 1186 adspersos
1454 1106 1505 1186 (t.
1532 1113 1582 1172 10.
1609 1103 1633 1170 f.
1664 1106 1737 1184 19).
1787 1105 1983 1186 Diameter,

625 1203 731 1285 vulgo
759 1205 1033 1288 bi·triunciaiis,
1062 1207 1231 1276 interdurn
1259 1209 1302 1276 ad
1330 1222 1460 1293 septem
1490 1231 1597 1294 usque
1626 1212 1742 1278 uncias
1773 1209 1983 1296 producitur,

627 1314 749 1392 Pagina
775 1321 928 1397 superior,
961 1327 1083 1397 practer
1112 1316 1311 1383 umbilicum
1343 1338 1529 1397 rugosum,
1562 1316 1755 1402 aequabilis,
1788 1317 1984 1386 humectata

625 1413 750 1496 glauca
780 1419 857 1496 cst,
886 1417 964 1485 inde
991 1421 1040 1487 in'
1060 1423 1231 1489 cinereum
1264 1435 1297 1490 et
1326 1445 1456 1491 aencurn
1490 1423 1620 1504 vergit,
1658 1423 1862 1490 moribunda
1890 1443 1983 1491 acnea

626 1521 748 1589 evadit.
792 1523 832 1589 ln
854 1527 947 1602 sicca
967 1524 1080 1609 planta
1101 1526 1216 1594 viridis
1241 1527 1295 1596 ille
1318 1527 1415 1596 color
1437 1530 1500 1598 sub
1523 1529 1718 1596 tenuissimo
1743 1528 1823 1596 latet
1844 1529 1983 1613 pulvere

554 1627 581 1638 ”“
627 1625 997 1710 albo-cinerascentc,
1032 1633 1087 1719 qui
1119 1637 1153 1701 in
1188 1633 1353 1702 adultiore
1389 1634 1503 1719 planta
1536 1635 1653 1703 durior
1687 1647 1720 1703 et
1751 1636 1979 1706 condensatus

623 1739 840 1824 superficiem
860 1741 1053 1808 tenuissime
1074 1742 1237 1808 rimosam
1257 1739 1387 1822 reddit,
1411 1741 1488 1810 dein
1510 1743 1674 1809 ambitum
1700 1764 1817 1810 versus
1839 1745 1881 1810 ab
1907 1765 1983 1811 um·

622 1841 727 1909 bilico
755 1848 936 1912 evanescit.
980 1846 1020 1912 ln
1046 1845 1213 1914 adultiora
1234 1845 1348 1932 planta
1372 1849 1495 1932 saepius
1520 1860 1647 1931 puncta
1666 1850 1888 1916 observantur
1911 1863 1984 1918 atra

624 1949 906 2033 verrucilorrnia,
933 1951 1193 2036 apotheoiorum
1221 1957 1292 2020 sine
1319 1953 1420 2022 dubio
1444 1955 1557 2032 initia,
1581 1953 1670 2022 unde
1694 1962 1871 2022 abortivam
1895 1955 1982 2024 hanc

626 2052 774 2124 formam
800 2059 1042 2132 1111111110.
1069 2058 1150 2127 olim
1169 2061 1351 2127 nominavi.
1397 2063 1564 2130 Praeterea
1584 2060 1730 2146 duplicis
1751 2064 1882 2143 generis
1902 2083 1983 2147 pus·

625 2158 704 2230 tulac
725 2185 744 2229 a
763 2162 866 2230 thallo
885 2165 1014 2234 elevato
1033 2167 1243 2247 formantur,
1261 2165 1333 2235 aliae
1353 2168 1449 2251 apice
1465 2180 1609 2251 apertae,
1629 2169 1669 2236 ab
1690 2167 1830 2235 hirsutie
1849 2171 1980 2252 paginae

623 2265 794 2336 inferioris
812 2261 945 2338 ”crinitae
967 2294 1034 2339 rar.
1055 2275 1081 2340 a.
1101 2273 1141 2342 E.
1165 2285 1198 2340 et
1217 2287 1244 2347 13.
1267 2273 1328 2355 1).;
1350 2273 1421 2342 alian
1439 2275 1533 2355 apice
1551 2275 1723 2359 impressae
1745 2273 1894 2342 emedio
1915 2297 1979 2344 suo

624 2371 761 2443 lobulos
794 2379 952 2445 emittunt
979 2377 1122 2463 peltatos
1154 2381 1289 2465 punctis
1322 2382 1401 2448 atris
1434 2393 1593 2464 notatos,
1622 2402 1747 2448 novant
1775 2384 1847 2448 sinc
1878 2381 1980 2450 dubio

626 2481 770 2567 prolem.
816 2485 944 2566 Inferior
975 2493 1066 2553 thalli
1089 2497 1207 2572 pergino
1235 2510 1280 2555 ex
1312 2485 1521 2555 och'rolcuoo
1550 2489 1585 2554 in
1613 2486 1749 2554 fuscum
1778 2489 1982 2572 nigrumque

628 2591 760 2658 transit.
806 2589 951 2672 iunior,
984 2595 1177 2678 pracsertim,
1198 2595 1232 2660 in
1262 2592 1398 2676 planitie
1431 2591 1512 2661 solis
1542 2592 1656 2662 ardori
1688 2595 1863 2690 exposita,
1900 2593 1981 2662 solis

625 2695 816 2782 papillulh,
842 2699 988 2782 pilorum
1013 2699 1142 2782 bulbis,
1170 2698 1334 2770 adornata
1356 2713 1429 2784 estp
1454 2720 1538 2768 mox
1562 2722 1644 2768 vero
1668 2699 1722 2768 vel
1744 2721 1787 2768 ex
1809 2712 1905 2783 parte
1928 2699 1982 2770 vel

626 2818 699 2874 tota
725 2805 854 2874 hirsuta
882 2809 929 2874 lit.
973 2805 1032 2874 Isti
1057 2805 1116 2891 pili
1143 2805 1342 2874 ochroleuci
1366 2809 1456 2875 susci
1475 2805 1527 2874 vel
1549 2808 1651 2889 nigri,
1682 2809 1878 2890 promiscuo
1899 2809 1982 2875 sim·

625 2911 733 2996 plices
764 2911 818 2980 vel
843 2915 993 2994 ramosi,
1020 2913 1123 2982 rnodo
1158 2913 1351 2997 breuiores,
1381 2915 1485 2984 modo
1513 2913 1685 2996 longiores
1718 2914 1876 2982 loborum
1911 2937 1982 2984 am-

625 3019 735 3087 bitum
758 3019 927 3088 interdurn
949 3019 1140 3103 excedunt,
1162 3043 1335 3105 nunquam
1353 3041 1434 3088 vero
1456 3022 1505 3088 uti
1525 3023 1559 3086 in
1577 3025 1671 3101 ,Urnln
1687 3025 1893 3107 polymorpho
1910 3045 1979 3088 our.

626 3133 782 3196 cilindrico
802 3129 845 3195 A.
869 3149 914 3194 cx
934 3129 1007 3211 ipso
1032 3127 1199 3212 producto
1224 3127 1316 3195 thalli
1337 3128 1465 3195 anrbitu
1489 3129 1663 3210 oriuntur,
1685 3129 1744 3194 ubi
1765 3125 1905 3210 desunt,
1930 3127 1981 3196 vel

624 3237 771 3303 rariores
798 3233 939 3316 adsunt,
969 3231 1114 3318 pustulae
1144 3235 1367 3302 observantur
1393 3231 1690 3317 haernisphaericae,
1722 3233 1762 3300 ab
1790 3233 1977 3317 apotheciis

625 3345 659 3410 in
690 3339 833 3409 thallum
863 3340 1030 3426 depressis
1059 3343 1222 3409 sormatae.
1278 3338 1361 3408 lllos
1390 3338 1478 3424 pilos
1510 3342 1544 3406 in
1574 3342 1681 3408 tribus
1712 3341 1979 3424 speciminibus,

514 3517 516 3522 ,
624 3471 771 3534 quorum
798 3449 1045 3517 feracissimam
1072 3447 1244 3532 depictum
1271 3460 1366 3515 extat
1391 3447 1413 3514 1.
1438 3469 1467 3514 o.
1492 3460 1514 3514 1.
1538 3469 1574 3512 x.
1599 3445 1622 3512 f.
1649 3455 1698 3517 19.
1724 3455 1772 3516 20.
1797 3455 1848 3515 21.
1873 3465 1978 3518 novas

620 3577 804 3642 procreare
827 3555 895 3624 vidi
919 3553 1107 3639 plantulas;
1132 3554 1279 3638 pilorum
1300 3576 1421 3638 nempe
1449 3556 1564 3637 apices
1589 3555 1700 3637 primo
1727 3552 1875 3637 capitula
1898 3573 1978 3637 pro·

622 3663 754 3745 ferunt,
778 3663 890 3747 quoad
910 3661 1059 3730 habitum
1076 3663 1140 3731 illis
1164 3669 1341 3730 Caliciorum
1357 3659 1594 3750 sinriliapquac
1615 3659 1776 3746 paulatim
1797 3658 1978 3742 explanata

625 3772 720 3854 quasi
745 3769 822 3852 pilei
843 3769 918 3854 pilis
940 3769 1105 3852 insident,
1134 3772 1305 3853 nigrisque
1330 3771 1484 3852 punctis,
1509 3767 1769 3852 apotheciorum
1796 3765 1887 3834 haud
1915 3765 1978 3834 du-

622 3877 676 3946 bie
692 3877 814 3956 initiis,
836 3877 1072 3958 insigniuntur.
1095 3876 1134 3944 In
1153 3876 1260 3944 altero
1279 3875 1400 3945 horum
1419 3876 1643 3958 specirninum
1657 3873 1874 3958 praeterlapso
1890 3893 1978 3940 atino

624 3981 714 4053 lecto
745 3983 779 4050 in
807 4005 851 4048 m.
883 3991 1010 4052 Grimrel
1034 4005 1124 4051 nova
1152 3981 1263 4068 proles
1282 3983 1355 4063 jam
1377 4003 1419 4050 eo
1445 3981 1510 4048 suit
1535 3979 1667 4064 adulta,
1694 3994 1732 4048 ut
1754 3993 1788 4048 et
1808 3981 1880 4064 ipsa
1904 3978 1979 4064 pilis

622 4089 726 4159 suerit
753 4091 928 4158 instructa.
972 4097 1141 4176 Apothecr‘a
1173 4091 1299 4174 absque
1328 4091 1438 4156 nitore
1465 4101 1538 4156 atra
1565 4109 1625 4172 per
1654 4109 1789 4154 onlnem
1819 4089 1976 4170 pagiuam

622 4201 832 4283 superiorem
856 4198 928 4264 sine
951 4194 1069 4264 ordine
1096 4196 1260 4280 disposita
1286 4207 1384 4277 sunt,
1407 4194 1544 4274 juniora
1567 4197 1601 4260 in
1627 4191 1767 4262 thallum
1793 4192 1976 4276 depressa,

624 4305 792 4373 adultiora
809 4303 956 4386 sessilis,
976 4304 1117 4370 unicum
1137 4305 1226 4370 enim
1245 4303 1331 4369 inter
1348 4300 1445 4386 plura
1464 4313 1627 4380 centena,
1646 4323 1719 4384 quac
1741 4321 1857 4368 corarn
1875 4299 1978 4367 habui

623 4415 832 4496 specimina,
871 4411 960 4491 vidi,
995 4411 1094 4490 cnjus
1132 4409 1312 4494 apothecis
1348 4409 1548 4476 brevissimo
1583 4405 1772 4474 insidebant
1808 4403 1976 4490 pediculo

622 4521 666 4602 (t.
689 4540 725 4584 x.
749 4518 772 4585 f.
796 4525 846 4584 12.
870 4518 951 4598 tt).
993 4517 1119 4585 Forma
1144 4537 1264 4584 eorum
1285 4529 1407 4584 exacte
1434 4513 1644 4597 orbiculata,
1673 4535 1792 4594 margo
1818 4533 1980 4594 crassus,

615 4623 732 4704 junior
754 4621 957 4705 annulatus,
977 4621 1054 4692 dein
1076 4623 1283 4708 continuus:
1312 4623 1435 4692 Discus
1461 4625 1502 4690 ab
1529 4623 1625 4688 initio
1651 4617 1856 4706 papillatus,
1881 4617 1979 4687 adul-

622 4734 689 4800 tior
714 4729 1042 4814 gyroso-plicatus,
1075 4728 1244 4796 interdum
1275 4749 1666 4812 rugoso-verrucosus,
1698 4727 1850 4794 verrucis
1882 4727 1979 4808 apice

620 4841 815 4924 impressis,
837 4859 911 4924 quac
933 4857 1084 4906 verruca·
1104 4833 1243 4904 totidem
1261 4836 1343 4904 mihi
1360 4835 1516 4904 videntur
1535 4853 1610 4902 esse
1628 4832 1808 4917 apothecis
1825 4833 1860 4899 in
1880 4853 1976 4899 oom-

621 4949 717 5016 muni
740 4942 960 5031 receptaculo
988 4943 1165 5026 conserta,
1188 4955 1352 5028 practerea
1375 4940 1658 5012 concaviusculus
1683 4951 1734 5008 est
1756 4938 1809 5008 vel
1831 4937 1973 5024 planus,

1852 5066 1931 5116 raro
