4510 5516
450 1565 597 1723 ΤυΑ,
627 1607 917 1700 CARISSIME
938 1608 1140 1700 PATER!
1165 1637 1213 1698 ea
1235 1629 1428 1698 constans
1450 1607 1529 1698 suit
1549 1639 1663 1720 cura,
1690 1631 1738 1698 ut

315 1777 434 1865 liberi
450 1778 509 1864 tui
531 1779 575 1862 in
589 1775 727 1863 bonos
749 1775 940 1863 homines
962 1775 1202 1891 probosque
1218 1775 1372 1891 patriae
1388 1776 1496 1862 cives
1515 1772 1740 1862 formaren-

317 1963 393 2028 tur.
455 1939 589 2027 Simul
606 1939 842 2056 probitatis,
856 1937 983 2028 studii
1000 1940 1168 2056 egregii,
1185 1937 1337 2024 laboris
1352 1935 1563 2048 indefessi,
1582 1939 1740 2026 virtutis

323 2103 507 2219 denique
527 2101 668 2190 multis
692 2104 798 2190 curis
813 2134 1032 2220 rerumque
1054 2100 1341 2218 iniquitatibus
1361 2121 1562 2217 spectatae
1579 2102 1741 2216 egregio

319 2249 506 2383 exernplo
548 2264 774 2354 liberorum
801 2267 914 2354 TlBl
941 2267 1092 2382 parasti
1125 2268 1340 2383 pietatem,
1365 2264 1517 2352 civium
1540 2291 1743 2374 amorem,

322 2428 580 2518 eruditorum
599 2427 789 2539 laudem,
814 2427 1025 2517 bonorum
1048 2430 1237 2516 omnium
1265 2429 1544 2516 reverentiam.
1602 2427 1746 2516 Animi

321 2594 421 2706 grati
442 2591 701 2708 devotaeque
715 2594 878 2709 pietatis
901 2595 1003 2704 hoc,
1029 2594 1074 2680 iu
1097 2623 1183 2708 quo
1207 2592 1428 2681 scribendo
1453 2593 1586 2678 otium
1602 2621 1744 2681 meutn

323 2757 550 2864 consumsi,
592 2754 840 2873 opusculum
876 2753 1036 2874 publici
1067 2757 1292 2846 testimonii
1333 2754 1429 2846 loco
1456 2755 1570 2844 TIBI
1597 2757 1746 2869 offero,

323 2941 364 3004 et
387 2942 557 3034 paterna
578 2915 835 3034 indulgentia
855 2921 1029 3036 accipias
1051 2949 1215 3036 quaeso,

440 3179 554 3265 Fara
595 3177 745 3265 usus
793 3175 1042 3266 optutus
1086 3179 1392 3290 utxtstus,
1437 3184 1553 3296 cujus
1593 3213 1750 3270 numen
1874 3159 1877 3166 '

325 3373 398 3456 per
440 3342 608 3457 longam
644 3344 770 3428 vitam
813 3365 952 3429 mente
994 3339 1135 3452 clara,
1187 3345 1327 3429 animo
1369 3374 1475 3460 puro
1521 3365 1563 3432 et
1603 3347 1752 3434 incon-

183 3571 186 3582 .
327 3533 441 3618 cussa
463 3502 626 3591 coluisti
639 3502 746 3612 lide,
767 3524 815 3589 ut
842 3506 971 3588 animi
997 3505 1314 3618 tranquillitate,
1336 3535 1462 3620 quam
1482 3528 1578 3594 tuus
1599 3508 1755 3596 Seneca

330 3693 542 3748 summum
563 3685 684 3750 vocat
709 3663 872 3749 bonum
892 3687 934 3750 et
948 3665 1041 3750 Deo
1064 3667 1268 3776 vicinum,
1283 3668 1449 3784 vitaque
1471 3697 1611 3757 serena
1635 3701 1757 3759 senex

331 3822 408 3914 diu
436 3823 590 3913 fruaris.
673 3959 679 3969 ι

446 4083 496 4169 ld
526 4081 642 4197 quod
672 4115 720 4171 ex
749 4087 897 4170 intimo
928 4089 1055 4173 animi
1085 4117 1246 4176 recessu
1275 4111 1390 4206 optat

591 4341 846 4450 ΟΡΤΙΜΙ
887 4343 1126 4454 PATRIS

1245 4887 1348 4965 filius
1374 4888 1658 4968 amantissimus

1384 5039 1559 5124 Auctor.
