4460 5520
829 385 835 396 '
926 424 1064 458 m
1638 400 1707 478 als

276 621 298 664 e·
321 598 502 663 narretur.
532 595 655 664 crusta
675 593 974 692 albido-cinerea,
1000 592 1132 664 lineolis
1155 593 1261 677 nigris
1286 591 1487 677 reticulam
1517 591 1706 679 apotheciis

359 701 478 787 amplis
501 701 675 769 convexis.
779 767 782 772 .

277 841 298 912 ξ.
324 837 451 899 Stenae.
481 831 605 902 Crusla
625 829 728 898 nulla.

275 939 402 1004 heddec
421 948 569 1020 confluens
588 957 620 1003 v.
645 941 773 1003 Surisca
796 938 884 1006 Aen.
905 940 1004 1007 Metlr.
1021 961 1060 1024 ρ.
1078 939 1127 1007 n.
1157 943 1243 1005 Unio.
1258 961 1294 1025 p.
1316 937 1386 1009 stt

276 1046 355 1109 llub.
379 1041 422 1111 ad
439 1064 524 1111 saxa
544 1043 714 1122 arenaria,
731 1043 917 1124 granitica,
935 1045 1108 1113 micaceo-
1123 1056 1158 1112 et
1173 1041 1540 1126 argillaceo·schistosa
1559 1045 1594 1112 in
1611 1043 1708 1130 Alpi·

357 1150 441 1232 bus;
465 1150 501 1216 iu
524 1148 663 1216 montib.
688 1153 831 1230 Hogout,
861 1153 1029 1228 Gottlmrd,
1060 1156 1205 1230 Grlmsel,
1229 1155 1355 1231 Sueten,
1385 1157 1520 1230 Gemmr',
1547 1154 1707 1232 Sancum,

360 1259 405 1322 St.
425 1253 686 1336 Bonhard51cgi
705 1275 839 1339 qnoque
856 1255 890 1321 in
906 1252 1086 1337 Hercyniae
1105 1257 1244 1323 montib.
1265 1261 1408 1323 Bructero
1427 1269 1460 1325 et
1475 1263 1709 1325 Achtermuuus-

356 1365 443 1429 botre.
485 1362 654 1429 Miserunt
675 1381 720 1428 ex
746 1367 862 1440 Vogesis
884 1359 926 1428 cl.
947 1361 1147 1445 Moucnor,
1170 1383 1214 1429 ex
1235 1367 1354 1430 Sudru’s
1376 1361 1417 1430 cl.
1436 1385 1467 1428 v.
1486 1363 1667 1432 Feorrow.

276 1467 377 1534 nese.
401 1470 528 1533 Thallus
549 1468 584 1534 in
608 1477 699 1534 statu
720 1464 935 1566 perfectiori,
963 1465 1070 1551 qualis
1091 1470 1262 1552 praecipue
1285 1469 1321 1537 in
1342 1470 1436 1538 saxis
1459 1470 1633 1550 graniticis
1654 1490 1708 1538 re-

356 1573 467 1655 gionis
493 1569 610 1656 alpinae
632 1571 824 1639 occurrite
847 1584 963 1640 crusta
983 1572 1152 1643 formatur
1173 1586 1337 1657 tartarea,
1368 1596 1504 1658 crassa,
1530 1577 1709 1661 superficie

297 1711 300 1716 ·
356 1677 423 1745 nisi
445 1674 565 1761 lapidis
588 1675 795 1762 inaequalitas
818 1691 910 1747 vetat
936 1679 1112 1764 aequabili,
1138 1680 1270 1751 rimulis
1300 1680 1414 1750 multis
1437 1703 1575 1768 quoquo
1602 1682 1708 1751 versis

359 1781 540 1865 distincta,
561 1805 651 1868 saepe
669 1805 751 1852 vero
771 1782 856 1852 adeo
878 1788 989 1854 tenuis
1011 1798 1081 1869 est,
1102 1799 1142 1855 ut
1159 1785 1293 1872 leprosa
1312 1789 1439 1856 rectius
1457 1786 1590 1857 dicatur
1608 1810 1709 1873 quam

340 1899 514 1979 ⁸tartarea
564 1889 669 1958 Color
695 1890 1041 1975 fumoso-cinereus,
1070 1895 1172 1961 etiam
1199 1892 1357 1976 dilutior,
1382 1896 1453 1963 ime
1482 1896 1516 1962 in
1543 1915 1709 1963 saxorum

356 1992 518 2064 lateribus
545 2017 565 2064 a
586 1993 660 2064 sole
685 1998 811 2064 aversis
834 1994 988 2081 lacteus,
1015 2021 1083 2083 quo
1107 2000 1142 2066 in
1165 2010 1255 2068 statu
1281 2004 1409 2067 Lecideae
1432 2005 1530 2067 lectra
1556 1998 1709 2069 habiturn

358 2099 430 2169 fere
455 2103 562 2169 offert.
603 2102 677 2171 Prae
701 2103 821 2171 ceteris
845 2123 927 2170 vero
948 2105 1126 2189 speciebus
1147 2107 1181 2173 in
1200 2106 1369 2189 granitieo
1390 2127 1478 2176 saxo
1498 2107 1711 2175 occurrenti·

358 2206 421 2275 bus
447 2205 523 2277 haec
548 2219 582 2276 et
606 2212 703 2274 recia
728 2214 1006 2278 ano-careremus
1036 2213 1207 2296 praecipue
1230 2209 1445 2282 dissolutioni
1472 2210 1553 2283 ferri
1579 2210 1711 2288 iubebis

359 2315 459 2382 tantis
489 2313 603 2383 lavere·
630 2312 796 2383 videntur.
838 2315 878 2385 ln
901 2318 1041 2399 regione
1068 2319 1158 2386 enim
1181 2316 1381 2387 nebularum
1405 2331 1653 2404 ventorumque
1675 2311 1716 2386 ri
1808 2351 1811 2358 ·

358 2422 508 2490 maxime
528 2423 705 2506 exposita,
724 2420 870 2506 indeque
890 2423 991 2492 etiarn
1013 2444 1178 2492 saxorum
1201 2425 1347 2495 molibus
1367 2424 1436 2494 huc
1454 2423 1537 2494 illuc
1560 2423 1710 2505 disjectis

356 2524 587 2609 feracissima,
615 2527 885 2612 frequentissime
912 2531 1065 2598 occurrit
1089 2553 1159 2598 var.
1189 2536 1375 2610 ochromela,
1407 2531 1507 2612 cujus
1530 2553 1577 2602 ex
1600 2531 1712 2618 prima

359 2635 520 2702 varietate
539 2644 653 2702 ortum
670 2635 705 2702 in
721 2635 816 2716 omni
832 2633 903 2703 iere
919 2656 1007 2704 sexo
1025 2627 1201 2706 observari
1219 2635 1306 2706 lieee
1339 2637 1406 2706 Hic
1425 2635 1539 2706 lichen
1553 2638 1711 2721 frequen·

359 2739 510 2810 tissimus
535 2742 636 2808 etiam
664 2741 788 2825 absque
815 2754 931 2811 crusta
960 2744 1122 2820 occurrit
1174 2749 1342 2830 Apotheciu
1365 2745 1532 2828 insignem
1559 2747 1710 2829 praebent

357 2847 481 2930 speciei
501 2846 743 2916 characterem.
786 2847 1031 2932 Magnitudinis
1050 2849 1110 2917 vix
1128 2849 1246 2918 mediae
1264 2870 1324 2935 per
1342 2871 1477 2918 ornnem
1495 2850 1711 2937 superficiem

358 2950 444 3021 adeo
463 2952 656 3037 frequenter
675 2966 901 3039 sparguntur,
923 2967 962 3024 ut
982 2953 1182 3026 nouaclum
1204 2957 1390 3041 saepissime
1410 2958 1499 3026 inter
1520 2978 1558 3026 se
1577 2957 1712 3025 contin·

358 3071 440 3142 gant
457 3071 647 3144 mutuoque
667 3072 883 3144 premantur,
903 3080 1023 3128 verum
1045 3063 1146 3129 etiarn
1166 3063 1314 3146 aprime
1336 3075 1415 3131 ortu
1431 3061 1530 3148 plura
1548 3065 1584 3132 in
1604 3082 1712 3130 unum
1740 3083 1746 3094 ·

359 3162 576 3246 coalescant,
597 3167 645 3233 ita
663 3179 702 3234 ut
721 3163 834 3250 ampla
851 3164 1012 3235 simulent
1028 3166 1208 3251 apothecis
1227 3189 1405 3250 convexa,
1431 3191 1577 3254 quorum
1599 3180 1713 3238 tamen

264 3353 269 3362 ¹
359 3291 404 3339 ex
420 3269 568 3354 plurium
587 3274 802 3341 connexione
816 3259 930 3340 ortum
946 3269 1083 3342 elevatae
1101 3275 1221 3358 quibus
1238 3275 1466 3358 insigniuntur
1480 3273 1614 3344 lineolae
1630 3295 1713 3373 pro·

360 3376 467 3459 dunt,
496 3399 569 3463 quae
598 3379 735 3448 nonnisi
764 3399 786 3447 a
811 3379 1019 3460 marginibus
1048 3377 1259 3462 singulorum
1287 3401 1332 3449 ex
1364 3382 1485 3466 quibus
1518 3381 1712 3450 conflantur

359 3482 619 3567 apotheciorum
639 3485 802 3554 onuntur.
844 3483 1046 3568 Singulatim
1065 3497 1218 3573 spectata
1238 3487 1279 3558 ab
1298 3488 1394 3557 initio
1411 3487 1485 3556 basi
1503 3507 1566 3556 sna
1585 3498 1711 3557 crustae

360 3591 475 3660 innata
508 3602 610 3671 sunt,
646 3587 699 3658 hae
733 3590 793 3659 ubi
828 3592 977 3660 crassior
1008 3591 1180 3661 interdum
1213 3594 1255 3662 ab
1289 3614 1331 3662 ea
1365 3606 1594 3678 coronantur,
1624 3613 1710 3663 mox

359 3716 441 3764 vero
464 3695 655 3779 superficiei
677 3693 843 3780 insident,
867 3698 898 3765 ei
925 3709 1019 3766 arcte
1042 3698 1225 3784 adpressa,
1251 3720 1313 3784 per
1336 3721 1373 3770 se
1397 3699 1533 3785 quidem
1559 3700 1709 3784 perfecte

360 3799 570 3883 orbiculata,
605 3803 727 3888 sapius
761 3813 873 3872 tamen
906 3825 986 3873 eum
1018 3814 1158 3890 propter
1185 3805 1326 3876 nimiam
1356 3806 1581 3892 frequentiam
1610 3826 1711 3876 suam

275 3957 276 3962 1
366 3903 509 3976 alterum
525 3904 668 3976 alterum
683 3921 833 3994 premat,
850 3907 1010 3994 angulata
1027 3911 1121 3980 liunt.
1163 3911 1286 3981 Discus
1305 3909 1445 3998 planus,
1464 3935 1583 3997 margo
1600 3913 1709 3982 tenuis

364 4025 399 4081 et
425 4013 625 4097 flexuosus3
657 4014 808 4086 solitaria
835 4019 925 4086 enirn
955 4019 1090 4088 nonnisi
1121 4017 1293 4088 rarissime
1325 4039 1482 4089 convexa
1515 4031 1612 4102 suut,
1644 4039 1710 4089 neo

359 4117 461 4188 facile
484 4120 719 4204 immerginata
745 4123 905 4191 invenies.
949 4123 1055 4192 Color
1077 4136 1167 4209 ater,
1194 4121 1322 4210 pruinae
1347 4123 1478 4194 nullum
1500 4144 1650 4210 unquam
1674 4127 1709 4196 iu

289 4307 302 4324 .
356 4223 425 4293 hac
444 4225 558 4310 specie
578 4229 780 4311 vestigium,
800 4231 921 4298 nitoris
941 4231 1165 4298 rarissimum.
1205 4231 1235 4300 E
1253 4233 1381 4300 vertice
1399 4245 1494 4300 secta
1513 4233 1711 4302 tenuissima

358 4344 458 4415 sunt,
479 4329 604 4401 lamina
624 4334 714 4403 intus
738 4337 893 4419 cinerea,
914 4346 1022 4405 strato
1046 4337 1260 4407 carbonaceo
1279 4349 1426 4423 recepta.

165 4521 168 4531 ι
280 4444 346 4508 obs.
369 4447 397 4508 1.
422 4435 546 4510 Iltusn.
569 4439 737 4512 anus
758 4443 793 4512 in
813 4441 901 4512 libro
923 4445 979 4513 cit.
1001 4467 1033 4530 p.
1055 4449 1106 4512 58.
1135 4448 1293 4511 Lecideum
1308 4435 1506 4528 'confluentem
1530 4443 1709 4514 oriundam

360 4544 467 4615 credit
488 4566 533 4614 ex
555 4550 680 4614 beiden
691 4553 823 4632 fumosa
846 4552 937 4628 Aera
965 4549 1067 4631 cujus
1087 4547 1209 4619 areolae
1236 4551 1271 4618 in
1296 4547 1409 4635 alpina
1433 4551 1573 4633 regione
1597 4550 1667 4630 jam
1690 4570 1711 4619 a

359 4652 469 4736 primo
488 4650 630 4722 lichenis
651 4665 729 4724 ortu
747 4655 834 4723 aeris
854 4655 889 4723 vi
907 4653 1028 4725 solutae
1047 4653 1200 4726 fuissent
1241 4657 1340 4725 Hanc
1357 4657 1559 4725 sententiam
1576 4676 1621 4723 ex
1635 4655 1710 4724 sac·

360 4758 402 4826 tis
422 4761 505 4828 meis
528 4760 820 4831 observationibus
842 4761 979 4830 firmare
998 4784 1068 4832 non
1086 4783 1236 4848 possum.
1279 4762 1381 4831 Vetat
1400 4763 1490 4831 enim
1508 4782 1577 4831 non
1596 4759 1710 4832 solum
1830 4841 1834 4848 ,

359 4861 492 4934 diversa
511 4863 607 4936 thalli
628 4879 663 4937 et
682 4865 941 4953 apotheciorum
956 4869 993 4938 in
1011 4881 1158 4960 unoque
1173 4866 1306 4938 lichene
1323 4865 1454 4938 indoles
1476 4887 1581 4954 supra
1602 4888 1710 4954 expo-

358 4971 442 5054 sita,
463 4991 583 5043 verum
600 4975 753 5070 inprimis
771 4974 986 5059 observatio,
1004 4973 1096 5062 quod
1117 4973 1208 5062 apud
1224 4992 1288 5046 nos
1307 4973 1427 5046 saltem
1447 4977 1710 5058 &escensurum
