4502 5520
952 265 1101 336 aba*
1261 271 1273 288 '
1688 299 1740 378 345

314 489 439 568 &aaa
470 489 679 578 iloffnmrn‘·'
706 489 879 578 ,Caespes
904 509 949 560 cx
972 487 1152 562 cauliculis
1168 485 1378 562 sineordins
1393 485 1645 574 implexis,ch
1660 491 1745 564 sim·

395 599 524 690 ,plicas
543 595 651 670 tubuli
666 598 798 668 muscis
819 599 1013 684 intertexti,
1039 599 1135 668 varia
1153 593 1385 680 longitudine,
1412 607 1554 680 teretes,
1579 593 1744 683 lineares,

326 757 355 770 -.
378 707 598 790 alleriuoai,
630 705 756 788 sensim
779 704 984 788 acuminati,
1018 705 1090 776 basi
1111 701 1298 790 simplices,
1326 703 1422 788 apice
1437 701 1668 788 quandoque,
1683 702 1746 774 sed

395 816 549 898 ,ranus,
564 811 746 898 bifurcati3
779 808 1068 882 brevissimihinc
1081 807 1160 880 inde
1177 807 1627 898 lateralesaamttlienetuit,
1643 829 1747 897 saepe

335 943 353 974 ··
396 917 622 1005 „tuberculis‚
637 916 681 988 ad
691 915 796 988 latera
816 916 896 986 sitis.
904 938 976 985 non
993 913 1176 986 absimiles.
1206 912 1311 986 Color
1323 917 1358 986 in
1372 917 1528 990 siccitate
1543 914 1746 994 albissimus.

308 1043 320 1084 ‘-
396 1027 615 1111 ,Substantia
631 1027 723 1094 intus
746 1032 853 1104 cava,
872 1021 1002 1106 fragilis
1020 1023 1056 1092 in
1075 1021 1192 1106 sicco,
1219 1032 1324 1094 tenax
1344 1042 1387 1092 ae
1400 1021 1525 1093 flexilis
1538 1019 1746 1100 humectata.

398 1135 539 1218 ,Senex
557 1129 611 1201 vel
629 1130 803 1201 destructa
821 1127 966 1215 planta,
987 1131 1088 1200 etiam
1107 1129 1180 1200 basi
1201 1127 1400 1206 tubulorum
1424 1128 1656 1208 Ιὶῌιίιιοιπεει.υ

317 1239 324 1290 5
357 1281 372 1296 a
410 1235 633 1317 'Substantia
653 1234 757 1318 hujus
778 1233 925 1306 lichenis
947 1233 1126 1326 simillima¹
1141 1246 1193 1306 est
1215 1235 1311 1307 corio
1332 1232 1477 1312 alboad
1492 1233 1746 1318 legendasma·

394 1362 461 1412 nus
491 1341 669 1413 fabricato.
711 1339 878 1411 cauliculi
916 1339 1069 1414 unciales
1098 1353 1132 1411 et
1157 1337 1381 1419 triunculus..
1399 1341 1434 1413 iu
1449 1361 1520 1410 var.
1537 1356 1566 1404 α.
1585 1339 1748 1428 gracilio-

308 1497 315 1512 .
351 1499 354 1508 .
400 1469 482 1532 ms,
503 1447 728 1534 simpliciores
747 1459 781 1518 et
795 1449 963 1534 prostrati·
975 1443 1092 1531 ruho,
1108 1447 1146 1521 in
1165 1468 1237 1519 aar.
1256 1449 1286 1512 a.
1309 1445 1436 1530 turgidi
1444 1448 1606 1530 ,ruposn
1621 1459 1657 1516 et
1675 1445 1748 1535 plc-

396 1576 541 1640 rumque
568 1555 693 1639 erecti,
729 1575 799 1624 non
822 1564 915 1622 certa
938 1564 1052 1622 tamen
1082 1549 1169 1635 lege.
1214 1549 1321 1621 Color
1347 1551 1443 1622 albus
1470 1549 1645 1640 interdum¹
1663 1573 1744 1626 cum

352 1731 356 1743 ,
398 1659 568 1744 flavadine
602 1661 757 1744 mixtus,
805 1661 844 1732 in·
870 1659 1111 1746 speciminibus
1142 1656 1201 1726 diu
1231 1659 1378 1750 servatis
1407 1657 1561 1730 rufescit.
1607 1657 1690 1728 Van
1717 1677 1747 1758 a.

314 1753 332 1766 ”
353 1747 367 1772 ”’
401 1757 553 1869 glebulis
582 1779 716 1838 constat
733 1763 971 1850 uifsormibus,
999 1787 1044 1835 ex
1066 1765 1187 1852 qubus
1214 1763 1337 1834 ramuli
1362 1762 1535 1852 prodeunt
1558 1763 1678 1842 breves
1701 1776 1746 1836 ‘et

409 1859 580 1958 subula'ti3
599 1894 693 1943 mera
713 1871 830 1944 forsan
852 1873 1091 1946 monstrositas
1109 1892 1192 1943 casu
1207 1867 1320 1960 aliqtm
1332 1881 1419 1941 orta.

328 1983 398 2052 obs.
426 1979 550 2050 Icones
573 1969 832 2089 cinamomum
848 1971 973 2092 bonae.
1002 2063 1006 2077 ι

471 2203 1453 2404 Μ’ὸῬΕσΒᾸΡΜἰ

678 2565 680 2570 .
726 2489 868 2644 Hans.
900 2505 964 2620 aa·
982 2503 1162 2606 meaog
1186 2531 1224 2604 ρ.
1237 2507 1313 2584 ⁴57.

712 2719 1018 2807 cuanncran
1046 2717 1340 2778 cananaeus

318 2881 604 2982 Receptaculum
623 2879 1091 2987 rotundato-oblongum
1107 2909 1142 2958 r.
1159 2880 1338 2972 lineare,
1366 2897 1441 2988 per
1458 2823 1752 2985 longitudinem

345 3054 348 3062 ·
414 2999 635 3100 dehiscens,
669 3003 861 3110 utrinque
884 3005 1165 3110 marginatum,
1190 3027 1212 3080 e
1243 3004 1460 3084 substantia
1485 3003 1648 3112 propria
1670 3002 1751 3084 for·

412 3140 573 3202 matum
621 3129 887 3234 Parenoltymo'
911 3123 1113 3250 solidum,
1657 3131 1663 3142 '

903 3345 1153 3418 lla'arsus.

307 3555 311 3562 ·
400 3515 527 3584 Πιαὶἱω
544 3515 1108 3607 tenuissimemembranaoeusvel
1123 3512 1387 3603 pulverulentus.
1414 3517 1750 3603 annotaverim
1784 3565 1787 3572 .

316 3621 427 3706 prima
446 3633 560 3692 aetate·
574 3635 701 3708 puncta
721 3620 775 3693 vel
796 3622 955 3694 tuberula
976 3621 1206 3708 aemulantia,
1229 3621 1308 3694 dein
1338 3621 1592 3707 elonganturin
1610 3622 1751 3712 ellypti,

318 3747 395 3796 carn
415 3725 563 3796 formam
578 3727 632 3797 vel
649 3726 836 3813 linearem,
861 3725 1051 3814 simplicem
1080 3727 1135 3798 vel
1156 3749 1348 3816 ramosum
1377 3728 1482 3800 modo
1505 3741 1578 3800 tota
1598 3732 1635 3802 in
1655 3729 1751 3804 thalli

316 3833 371 3904 vel
394 3835 557 3920 corticis,
589 3837 646 3905 cui
663 3837 802 3923 insunt,
824 3837 1048 3910 substantiam
1061 3836 1160 3922 quasi
1176 3835 1317 3908 detrusa
1332 3851 1413 3908 sunt
1426 3837 1750 3923 (immoro);modo

318 3938 394 4012 sola
409 3941 483 4013 basi
502 3961 565 4014 sua
591 3945 681 4015 intra
698 3945 922 4016 substantiam
947 3941 1147 4014 carucatam
1167 3942 1399 4028 abscondita,
1427 3944 1488 4018 sed
1502 3945 1634 4031 reliqna
1653 3957 1750 4031 parte

318 4067 422 4132 supra
437 4069 513 4118 eam
528 4053 722 4136 prominent
739 4053 909 4136 (innato),
931 4049 1014 4124 alias
1032 4071 1113 4122 cunt
1132 4053 1207 4138 ipso
1230 4049 1337 4120 thallo
1358 4051 1491 4122 elevato
1514 4072 1620 4139 supra
1644 4053 1751 4123 corti·

320 4171 397 4224 oem
414 4149 588 4226 elevantur
602 4159 841 4244 (emergentia),
863 4156 929 4228 alia
950 4157 1094 4246 denique
1114 4169 1247 4230 nutum
1266 4157 1310 4228 ad
1329 4159 1547 4245 superficiem
1562 4155 1658 4228 thalli
1677 4169 1751 4230 tota

306 4233 443 4330 ‘adnata
463 4261 723 4354 succositas).
750 4263 874 4336 Varius
900 4287 1035 4354 quoque
1064 4265 1181 4336 discus
1203 4275 1278 4337 est:
1310 4251 1483 4350 concauus,
1506 4265 1564 4336 ubi
1578 4265 1749 4348 margines

307 4363 422 4452 'supra
437 4368 773 4455 outn‘protuberanu
788 4376 906 4457 planus
922 4372 981 4441 ubi
1005 4371 1183 4459 aequales,
1198 4375 1334 4441 tumidus
1354 4371 1411 4441 ubi
1431 4371 1473 4442 ab
1493 4373 1568 4458 ipso
1587 4393 1752 4460 superan-

320 4483 401 4554 tur;
434 4477 657 4545 mnoliculottu
684 4497 788 4560 porro
810 4477 870 4548 ubi
898 4480 1070 4563 margines
1083 4479 1356 4566 ,protuberantes
1384 4491 1419 4551 et
1440 4478 1593 4568 paralleli
1612 4473 1749 4551 nonnul

323 4579 564 4664 angustissimo
578 4579 817 4672 lineae'sp'atio'
834 4598 1054 4671 separantun
1080 4592 1332 4658 clamavero
1355 4585 1492 4675 quando
1513 4585 1626 4658 latiori
1645 4584 1743 4656 diseo

321 4679 541 4759 bistisiacum
566 4687 851 4775 ‘Apothecibrum
874 4689 973 4763 color
997 4693 1034 4764 in
1058 4699 1132 4764 t'oto
1157 4703 1280 4780 genere
1310 4706 1406 4778 ater,
1429 4692 1601 4770 interdum
1631 4701 1746 4766 umen

325 4790 442 4914 discus
464 4797 587 4902 pruina
601 4795 701 4886 alba,
724 4798 857 4886 caesia,
879 4791 934 4871 vel
955 4799 1146 4872 virescente
1172 4797 1365 4878 obducitur.

1107 4987 1280 5051 msa
