4510 5516
478 721 1119 888 auruumnur

550 1042 986 1178 lcanuurra

482 1240 1207 1476 cuntronnst'

297 1741 486 1890 pamm
514 1803 638 1915 hujus
671 1801 860 1916 opusculi
890 1803 1114 1888 sectionem
1143 1801 1250 1914 patri
1280 1797 1492 1906 dedicavi,
1525 1805 1598 1914 qui
1627 1833 1733 1917 prm-

299 1965 358 2028 ter
397 1943 554 2055 reliqua
591 1943 635 2026 in
673 1939 807 2024 filium
845 1940 1069 2050 beneficia,
1109 1941 1265 2056 primus
1301 1939 1355 2024 ad
1390 1938 1567 2025 colenda
1598 1940 1733 2026 studia

298 2083 483 2166 animum
506 2111 647 2166 meum
676 2081 870 2164 excitavit
929 2081 1110 2165 Alteram
1133 2078 1299 2166 VOBIS
1326 2108 1479 2186 sacram
1502 2109 1588 2165 esse
1610 2080 1731 2191 volo,

241 2291 246 2300 ,
298 2222 392 2336 qui,
422 2219 604 2306 SUMMI
635 2216 752 2302 almae
780 2219 1012 2332 Academiae
1039 2240 1186 2304 nostrae
1213 2217 1527 2326 RECTORES,
1552 2217 1731 2330 publicae

297 2360 545 2444 institutioni
577 2357 781 2442 indefesso
812 2357 951 2443 studio
981 2389 1171 2474 puroque
1194 2360 1238 2442 in
1266 2359 1440 2473 patriam
1466 2387 1605 2443 amore
1633 2388 1733 2474 pro-

297 2497 455 2584 videtis.
513 2497 741 2584 VESTRIS
772 2497 876 2581 curis
900 2519 940 2581 et
968 2499 1160 2612 singulari
1185 2497 1416 2584 VESTRAE
1439 2496 1484 2580 in
1508 2528 1575 2584 me
1602 2498 1732 2584 hene-

298 2636 490 2724 volentiae
523 2667 571 2720 ac
601 2633 892 2720 munificentiae
929 2635 1085 2744 debeo,
1123 2636 1240 2751 quod
1269 2666 1319 2720 eo
1351 2665 1483 2750 usque
1514 2639 1559 2721 in
1588 2639 1731 2723 litteris

297 2774 561 2889 profecerim,
586 2797 633 2859 ut
655 2775 877 2859 ditissimus
908 2775 1008 2860 inde
1031 2775 1312 2861 delectationis
1344 2773 1435 2860 fons
1465 2807 1559 2860 meo
1583 2775 1733 2891 adper-

299 2934 363 2998 tus
394 2915 445 3000 sit
475 2914 625 2997 animo.
687 2914 798 2996 Hinc
829 2913 1046 3025 exiguum,
1082 2915 1200 3028 quod
1228 2914 1333 2998 mihi
1363 2914 1505 3000 datum
1537 2936 1597 3000 est
1627 2917 1733 2999 inter

296 3051 464 3167 publica
486 3054 671 3164 negotia,
703 3055 835 3136 otium
864 3053 909 3137 in
939 3052 1174 3168 indaganda
1197 3085 1333 3138 rerum
1355 3076 1498 3140 natura
1518 3083 1731 3140 consumo,

296 3190 360 3275 Ex
397 3211 535 3298 vast0,
582 3222 707 3303 quem
745 3223 835 3275 cara
873 3195 1003 3306 patria
1040 3215 1194 3279 naturae
1233 3192 1523 3278 scrutatoribus
1560 3191 1731 3307 pandit,

298 3359 445 3443 campo
475 3352 633 3444 partem
664 3332 766 3415 mihi
798 3330 933 3445 delegi
965 3333 1019 3418 ad
1049 3356 1187 3419 nostra
1216 3363 1348 3446 usque
1378 3355 1566 3447 tempora
1586 3363 1732 3448 parum

297 3468 468 3576 cultam,
493 3501 516 3553 a
535 3469 784 3555 nostratibus
807 3468 930 3584 plane
951 3472 1187 3586 neglectam.
1217 3473 1311 3556 Hoc
1332 3471 1619 3586 qualecunque
1640 3491 1732 3554 ten-

297 3629 456 3717 tamen,
495 3640 579 3722 quo
610 3611 832 3724 patriarum
862 3641 998 3694 rerum
1030 3611 1311 3725 cognitionem
1341 3640 1417 3726 pro
1448 3609 1602 3695 viribus
1632 3637 1732 3721 pro-

297 3776 464 3832 movere
483 3748 628 3854 velim,
645 3745 810 3834 VOBlS
835 3749 1046 3834 Musarum
1074 3752 1295 3864 patriarum
1324 3747 1730 3838 MAECENATIBUS

222 3897 225 3902 ’
297 3884 501 3993 inscribo,
540 3909 587 3971 ut
625 3908 781 4000 gratum
819 3890 863 3972 in
893 3886 1004 3973 VOS
1036 3909 1077 3973 et
1106 3889 1305 3974 devotum
1341 3888 1527 3972 animum
1563 3885 1731 4001 publice

298 4041 430 4105 tester.
487 4025 618 4138 AEqua
657 4048 794 4111 mente
834 4057 880 4110 ac
917 4025 1125 4114 benevolo
1166 4030 1304 4113 animo
1343 4027 1572 4146 accipiatis,
1617 4027 1731 4109 enixe

296 4155 408 4244 VOS
441 4187 514 4242 oro
546 4193 740 4278 rogoque.

405 4371 848 4484 vnsraoauu
887 4377 1247 4516 Nournuu

1278 4615 1392 4693 cultor
1413 4615 1648 4688 devotissimus

1373 4775 1536 4852 Aucron.
